2556 3442
830 134 876 196 §-
913 142 1010 198 637
1041 161 1105 172 —
1139 140 1250 198 642.
1318 135 1366 185 V
1398 138 1436 187 A
1470 141 1512 189 R
1543 142 1566 190 1
1597 144 1634 192 Ι.
2174 153 2263 205 695

326 269 384 316 In
415 272 479 317 M
478 271 651 316 emoires
676 267 728 315 de
757 265 931 315 PAcad.
952 266 1025 314 des
1044 270 1229 315 Sciences
1255 277 1394 314 avant
1415 273 1550 323 1699.
1576 286 1698 318 anno
1718 277 1853 329 1682.
1881 272 1935 321 de
1953 271 2268 341 hydroraepha⁴

195 333 242 380 lo
265 334 415 396 agitur
441 349 547 381 cum
573 331 744 380 offibus
775 332 917 379 cranii
940 332 1259 393 cartilagineis.

835 451 873 500 §-
908 446 1127 494 DCXL.
1225 449 1390 494 Diaria
1419 446 1622 510 Anglica.

320 548 425 595 Hoc
451 561 574 593 anno
597 544 866 592 revixerunt
892 540 1241 590 Transactiones
1271 542 1618 606 Philosophicae.

319 630 378 677 In
406 645 452 674 n.
471 639 575 686 147.
605 641 712 673 vera
737 622 1031 687 superfetatio
1065 625 1117 673 in
1151 627 1333 681 catella,
1369 625 1461 676 five
1487 638 1760 690 conceptus,
1798 644 1902 676 cum
1925 632 2048 692 prior
2075 632 2193 683 fetus
2214 636 2263 682 ia

199 709 347 742 cornu
372 691 493 739 uteri
515 688 754 738 resediffet.

328 774 558 823 Porcellus
583 789 672 819 ano
698 770 873 827 clausa,
909 769 1053 820 vesica
1084 773 1235 828 nulla,
1271 790 1421 836 neque
1447 786 1595 822 utem.

319 857 382 905 N.
407 867 513 914 151.
557 852 800 903 Wlhelmus
833 852 1126 904 MUsGRAvE
1146 889 1158 908 ‚
1196 856 1347 911 idem,
1385 858 1465 918 qui
1488 857 1681 904 cacruleo
1716 858 1868 905 colore
1899 855 2088 920 chylum
2124 859 2262 908 tinxit

191 937 236 984 p.
267 932 289 982 ς
299 924 373 976 86.
407 936 577 967 caecum
606 918 874 966 intestinum
898 919 1036 966 variis
1060 919 1334 968 animalibus
1364 922 1557 976 excidit,
1593 920 1687 970 fine
1711 922 1849 970 malo.

322 1004 400 1065 EJ.
440 1001 520 1062 (α’)
555 1003 686 1063 Aqua
712 999 879 1062 absque
906 1017 1029 1048 noxa
1055 1001 1106 1048 in
1129 1002 1253 1049 canis
1279 1019 1418 1050 venas
1451 1003 1632 1065 injecta.

320 1086 496 1146 EJUSD.
535 1085 587 1131 in
611 1081 722 1131 Phil.
759 1081 913 1141 Trans:
941 1099 987 1129 n.
1017 1089 1122 1130 162.
1161 1083 1620 1145 Experimentafac‘ta
1639 1120 1653 1140 ,
1693 1097 1747 1133 ut
1771 1085 1977 1135 ostendat
2007 1088 2189 1136 nullum
2218 1089 2268 1136 in

191 1149 452 1198 ventriculo
487 1165 666 1196 acorem
696 1147 792 1195 esse.
864 1146 1110 1194 Glandulae
1136 1150 1384 1195 ventriculi
1413 1149 1539 1196 lucii.

319 1231 384 1279 N.
408 1237 514 1279 166.
551 1228 806 1291 Lympham
828 1227 941 1290 saepe
965 1229 1017 1276 in
1048 1229 1175 1277 laetis
1201 1228 1317 1278 vasis
1344 1232 1544 1292 reperiri.

320 1314 459 1362 IDEM
493 1312 858 1375 experimentum
884 1311 1035 1373 ligatis
1068 1312 1199 1359 venis
1230 1312 1519 1373 jugularibus
1548 1297 1759 1373 repetiit,
1810 1330 1959 1376 neque
1999 1317 2167 1377 reperit
2197 1317 2268 1364 ul-

190 1379 291 1428 lum
313 1378 420 1426 inde
444 1376 700 1439 symptoma
723 1375 852 1438 sequi
885 1375 959 1437 (b)
979 1411 990 1423 .
1058 1377 1238 1436 Aquam
1262 1377 1313 1423 in
1341 1377 1465 1438 canis
1496 1393 1635 1424 venas
1670 1378 1885 1438 injectam
1915 1378 2137 1427 resorberi
2159 1381 2232 1442 (c)
2252 1417 2264 1427 .

158 1506 165 1516 ,
319 1461 382 1508 Ν.
401 1471 511 1519 242.
543 1460 668 1520 Expe
694 1461 920 1506 imentum
937 1475 1016 1520 per
1030 1458 1155 1519 quod
1173 1458 1384 1512 ostendit,
1407 1460 1577 1506 animal
1603 1466 1703 1506 aere
1716 1462 1945 1521 privatum
1962 1462 2106 1523 perire
2120 1498 2132 1517 ,
2163 1462 2270 1523 quia

197 1522 381 1588 sanguis
394 1541 472 1585 per
488 1476 729 1584 pulmoifes
746 1540 843 1570 non
859 1523 1004 1584 potest
1022 1523 1260 1569 circumire
1278 1557 1291 1576 ,
1326 1524 1432 1570 &in
1447 1523 1616 1571 dextris
1634 1525 1780 1571 cordis
1795 1525 1907 1573 vafis
1923 1539 2229 1574 coacervatur.

244 1670 273 1720 s
314 1607 435 1719 {jus
468 1606 862 1667 experimentum,
901 1622 994 1668 quo
1034 1605 1231 1653 ostendit
1264 1621 1429 1666 aquam
1461 1605 1513 1652 in
1545 1608 1701 1666 pedius
1728 1607 1826 1655 vivi
1856 1609 1978 1655 canis
2016 1605 2265 1669 impulsam

193 1687 243 1721 te
266 1688 317 1719 or
351 1686 429 1718 eri.

270 1754 381 1866 lg.
404 1763 513 1813 275.
560 1751 780 1801 Vindicat
803 1751 887 1802 fibi
921 1753 1287 1816 experimentum
1324 1767 1548 1800 venarum
1580 1753 1826 1802 lactearum
1860 1756 2051 1804 caeruleo
2088 1755 2266 1818 liquore

188 1835 267 1882 rep
288 1836 309 1866 e
361 1834 478 1864 rum.
2196 1850 2198 1852 ,

268 1960 271 1962 ‚
318 1901 638 1950 PATTENSON
669 1899 723 1948 de
750 1899 854 1949 vifis
879 1901 930 1948 in
961 1900 1190 1949 cadavere.
1258 1900 1394 1948 Vena
1413 1898 1678 1962 spermatica
1705 1899 1864 1948 dextra
1899 1917 1956 1948 ex
1984 1901 2129 1949 renali
2151 1900 2264 1963 (d).

693 2022 732 2073 §.
767 2019 1024 2067 DCXLI.
1104 2018 1216 2065 Arva
1242 2021 1358 2065 Nat.
1403 2017 1564 2077 Curios]
1603 2023 1742 2074 1683.

317 2114 463 2163 Adam
491 2133 518 2163 a
537 2116 867 2166 LEBENWALD
897 2115 1079 2179 sanguis
1110 2117 1383 2171 acerrimus,
1419 2121 1525 2164 Dec.
1542 2116 1602 2164 Π.
1632 2132 1734 2164 ann.
1750 2115 1812 2164 ΙΙ.
1841 2113 1924 2175 obſs
1946 2116 2051 2165 106.

321 2197 457 2244 IDEM
485 2215 586 2244 ann.
601 2199 732 2247 VIII.
761 2197 843 2257 obsi
869 2210 973 2247 122.
1008 2199 1197 2260 Duplex
1223 2197 1382 2247 vesica.

320 2281 436 2325 Anu.
459 2279 543 2326 IX.
577 2278 659 2338 obfi
682 2292 700 2324 1
716 2285 786 2333 18.
825 2280 1030 2326 Amnion
1057 2297 1162 2326 cum
1186 2279 1285 2328 fetu
1313 2293 1579 2328 comiatum.

322 2352 462 2415 Jacob
488 2361 730 2409 SCHMIDT
756 2361 889 2407 urina
915 2361 1098 2423 pinguis
1118 2395 1132 2416 ,
1169 2362 1424 2423 crystallina
1442 2397 1454 2417 ,
1503 2361 1641 2410 sudor
1682 2363 1820 2410 unius
1850 2364 2017 2410 lateris
2072 2367 2178 2412 Dec.
2204 2365 2261 2411 H.

190 2442 293 2472 ann.
314 2425 378 2471 ΙΙ.
404 2423 487 2483 obs.
514 2436 618 2487 124.
641 2432 870 2484 125.126.
1818 2453 1820 2456 >

325 2510 451 2555 Petri
471 2507 645 2569 JALON
672 2505 816 2555 vefica
845 2509 1111 2562 reticulata,
1143 2507 1225 2569 obſs
1256 2518 1362 2564 129.

328 2593 484 2652 Georg.·
508 2587 735 2652 Christoph.
758 2590 1008 2641 GQELLER
1040 2588 1161 2637 fetus
1189 2586 1415 2637 difformis
1432 2624 1445 2644 ,
1479 2589 1623 2652 capite
1647 2590 1873 2645 maximo,
1909 2591 2087 2638 nullum
2106 2586 2257 2651 hepar,

187 2669 338 2716 neque
359 2654 484 2708 lien,
519 2670 669 2715 neque
693 2655 970 2715 pulmones,
1005 2670 1155 2717 neque
1178 2671 1284 2710 cor,
1317 2653 1399 2713 obfi
1426 2665 1532 2714 143.

694 2739 698 2746 Δ
721 2761 769 2820 §.
804 2766 848 2812 D
865 2765 903 2812 C
918 2759 968 2812 X
984 2765 1104 2813 LII.
1206 2764 1374 2824 Rofinus
1407 2766 1691 2815 LENTimus
1707 2801 1720 2820 ‚

324 2862 531 2910 Clinicus
554 2862 604 2909 in
623 2861 888 2917 Curlandia,
912 2861 1076 2911 deinde
1098 2863 1386 2926 Stutgardiae.
1458 2864 1535 2927 EJ.
1573 2863 1764 2912 Globuli
1787 2863 1976 2925 pingues
2001 2876 2080 2922 per
2104 2861 2260 2906 alvum

127 2931 142 2942 ²
196 2926 391 2980 excreti,
419 2926 504 2987 obs.
525 2937 631 2987 152.
2084 2925 2257 2985 Ejusn,

247 3035 308 3090 (a)
336 3034 440 3088 apud
462 3022 618 3077 Bnkcn.
646 3035 712 3080 lv.
741 3050 780 3091 p.
801 3049 894 3093 ιη.
1004 3036 1072 3087 (b)
1100 3050 1139 3089 p.
1167 3048 1256 3089 309·
1359 3016 1422 3092 (c)
1450 3050 1489 3092 p.
1508 3047 1595 3091 μὶ.

382 3089 449 3140 (d)
478 3101 519 3140 p·
537 3100 628 3142 429·
649 3102 743 3143 430.
802 3160 805 3162 .
836 3149 839 3153 ,
1007 3092 1069 3144 (e)
1096 3104 1135 3144 p·
1156 3102 1249 3146 273·
