2556 3442
1219 0 1286 41 l„

325 152 422 200 77&
772 141 911 186 LIB.
967 141 1089 188 VH.
1136 137 1542 187 ,ANATOME
1591 134 1940 186 HUMANA.

318 265 552 317 musculos
581 267 727 313 multo
753 283 890 326 quam
919 267 1044 328 prius
1069 268 1258 315 rectius„
1292 267 1550 313 biventrem
1578 267 1797 319 maxillae‘,
1835 283 1939 312 cum
1976 266 2072 328 ejus
2101 238 2229 315 arsos
2247 265 2380 328 hyoi-

319 334 398 380 des
424 328 608 389 tendine
629 365 643 384 ,
682 329 931 391 processum
955 333 1242 380 RAVIANUM
1259 365 1271 384 ,
1308 329 1557 377 trochleam
1584 328 1778 376 musculi
1791 331 1965 389 interni
1990 332 2166 385 mallei,
2202 330 2380 379 muscu-

322 399 391 444 los
413 395 662 456 pharyngis
686 397 949 456 plerosque,
984 407 1084 443 tum
1107 397 1268 456 pala-ti,
1308 394 1492 454 pulchre
1514 413 1524 440 :
1564 394 1800 440 tendinem
1824 396 1969 441 latum
2000 394 2377 456 diaphragmatis.

323 459 462 509 fibras
487 462 530 506 &
568 461 774 507 valvulas
799 460 974 515 cordis,
1022 462 1250 508 valvulam
1282 459 1597 512 EUSTAcuu,
1634 456 1864 507 musculos
1901 457 2378 512 intertransversalei,

322 523 550 572 musculos
573 522 891 586 longos=ilorfi.

452 609 524 655 De
552 607 893 654 PEMBERTom
922 605 1232 652 introduffione
1256 606 1379 652 a‘liaS.

449 692 571 747 Quae
591 688 754 743 Jacobo
784 689 965 735 DRAKE
995 686 1145 732 noster
1169 687 1332 733 tribuit
1359 703 1408 732 ea
1439 686 1657 734 dicemus.

452 773 510 820 In
540 769 647 819 Phil.
674 769 825 828 Tramfi
853 785 898 814 n.
916 779 1027 831 2205
1056 768 1149 827 agit
1172 768 1225 813 de
1253 766 1591 827 chylificatione
1614 766 1704 815 fere
1732 762 1869 816 utin
1892 770 2259 818 Introduction&

449 854 512 901 N.
534 865 589 911 25
602 866 638 899 Ι.
677 849 1011 897 Animadvertit
1025 850 1075 895 in
1089 839 1670 909 ChirurgiDnPREfflovos
1694 852 1922 900 musculos
1935 854 2121 901 cervicis
2143 855 2183 900 &
2205 851 2383 913 capitis,

382 999 416 1047 st
452 936 509 981 In
538 950 582 979 n.
604 944 710 992 252.
748 931 857 979 dum
894 929 1099 979 suturam
1124 931 1324 978 tendinis
1354 929 1545 978 Achillis
1581 930 1819 988 describit,
1862 932 1965 981 satis
2003 935 2214 989 ostendit,
2254 931 2386 980 sensu

322 1000 378 1048 de
420 999 521 1047 itui.
869 1033 872 1035 Α
2134 1020 2136 1022 ,

453 1082 514 1130 Ν.
540 1087 646 1139 258.
683 1080 754 1126 De
786 1076 877 1126 suis
905 1078 1151 1141 glandulis,
1177 1095 1288 1139 quas
1318 1079 1489 1140 proprii
1515 1079 1683 1139 laboris
1719 1080 1837 1128 dixit
1863 1067 1993 1142 opus.

452 1165 514 1213 N.
532 1175 638 1221 270.
674 1159 797 1208 Vasa
819 1160 1032 1208 arteriosa
1056 1164 1098 1208 ἃ
1126 1159 1294 1209 venosa
1320 1163 1553 1221 pulmonis
1582 1179 1682 1209 cera
1712 1165 1908 1224 repleta,
1942 1165 2019 1210 illa
2044 1162 2231 1224 majora.

451 1247 515 1294 N.
538 1252 645 1300 280.
674 1241 789 1291 Fuse
815 1243 868 1290 de
895 1241 1009 1290 vasiS
1033 1245 1237 1305 corporis
1267 1242 1491 1299 humani,
1527 1246 1690 1292 arteria
1718 1243 1915 1306 splenica
1941 1262 2095 1298 curva,
2132 1242 2244 1291 vasis
2272 1240 2390 1302 sper-

327 1311 502 1362 maticis
538 1309 781 1371 praelongis
799 1343 811 1362 ,
841 1308 1037 1355 circuitu
1062 1306 1296 1369 sanguinis
1329 1307 1628 1369 microscopio
1653 1308 1777 1364 viso,
1823 1310 2121 1372 globulorum
2144 1309 2391 1356 rubrorum

327 1376 584 1424 mutatione
608 1375 660 1420 in
684 1371 853 1434 figuras
873 1374 1050 1426 ovales,
1086 1373 1251 1419 arteria
1278 1374 1476 1420 carotide
1501 1376 1542 1421 &
1566 1374 1808 1421 vertebrali
1835 1374 2062 1429 dilatatis,
2100 1374 2286 1422 valvu-Ia
2298 1373 2394 1420 EU—

330 1452 647 1489 STACHIANA.
713 1441 976 1486 Anatomen
1002 1437 1078 1484 dat
1109 1436 1398 1498 didelphidis.
2184 1460 2190 1463 Α

455 1524 517 1570 N.
547 1529 655 1581 285.
691 1521 1051 1568 Circulationem
1078 1517 1313 1580 sanguinis
1346 1522 1397 1566 in
1428 1537 1548 1568 rana:
1575 1521 1684 1582 pede
1707 1519 1847 1568 visam
1875 1519 2113 1575 describit,
2147 1523 2190 1568 &
2215 1521 2265 1567 in
2295 1520 2393 1580 pul-

325 1603 462 1636 mone
490 1604 580 1647 qua
602 1600 726 1647 parte
753 1585 939 1632 liberior
961 1584 1037 1638 est,
1070 1596 1122 1632 ut
1146 1586 1284 1632 etiam
1300 1584 1467 1633 humor
1488 1587 1537 1633 in
1561 1587 1745 1634 arterias
1771 1584 1992 1648 impulsus
2007 1585 2082 1634 hic
2096 1598 2149 1633 ut
2164 1587 2215 1632 in
2236 1582 2390 1646 splene
2410 1618 2416 1623 ,

328 1654 371 1700 δε
397 1668 512 1714 pene
544 1652 621 1712 per
650 1666 790 1697 venas
821 1650 990 1696 redeat.

458 1734 516 1781 In
543 1750 585 1780 n.
608 1744 716 1790 290.
744 1731 957 1779 describit
978 1730 1285 1792 didelphidem
1311 1730 1629 1793 marsupialem
1652 1749 1849 1786 marem,
1886 1733 1962 1779 cui
1987 1735 2168 1780 nullum
2194 1731 2255 1779 est
2277 1747 2396 1779 mat-

329 1799 524 1860 supium.
595 1799 766 1852 Penes,
799 1811 853 1844 ut
884 1798 935 1842 in
964 1796 1133 1843 castore
1154 1832 1166 1850 ,
1206 1814 1316 1843 cavo
1349 1796 1555 1843 musculo
1589 1796 1858 1858 glanduloso
1885 1797 2065 1851 inclusi,
2147 1798 2300 1844 Nullae
2318 1812 2396 1843 ve-

328 1863 476 1912 ficulae
504 1861 739 1910 seminales
758 1897 771 1916 ,
807 1861 882 1907 scd
911 1874 1109 1921 quatuor
1136 1861 1302 1908 sacculi
1322 1862 1371 1908 in
1394 1860 1632 1908 urethram
1660 1863 1832 1923 aperti,
1870 1861 1962 1907 duo
1985 1863 2062 1908 alii
2087 1862 2142 1909 ad
2156 1863 2397 1909 anurnu—n-

331 1926 587 2039 gue111tii'eri.
656 1927 836 1974 Eredlio
876 1927 1006 1988 penis
1045 1924 1101 1974 fit
1137 1943 1163 1973 a
1197 1924 1451 1988 sphindtere
1487 1928 1649 1974 cloacae
1691 1930 1774 1974 Sec.
1856 1925 2002 1973 Costae
2038 1928 2079 1974 ei
2111 1926 2296 1974 animali
2330 1937 2398 1973 to-

330 2005 387 2040 tae
407 2000 449 2040 01
470 2010 547 2040 eae.

458 2076 515 2121 In
542 2091 588 2123 n.
618 2085 724 2131 299.
760 2072 905 2122 Osseae
927 2074 1124 2120 valvulae
1149 2084 1288 2120 aortae
1309 2091 1320 2119 τ
1356 2075 1463 2121 icon
1481 2088 1661 2127 earum,
1700 2073 1771 2120 uti
1785 2073 1960 2121 arteriae
1985 2089 2158 2136 magnae
2176 2069 2398 2121 tubulum

333 2139 559 2188 claudant.
628 2138 791 2188 Cordis
816 2141 971 2188 icones
1005 2141 1088 2186 &c.

882 2270 920 2321 §.
955 2267 1343 2316 DCCXXIII.
1409 2271 1457 2323 J.
1478 2266 1658 2324 Jacobs&
1686 2269 1818 2317 RAU.

468 2386 722 2432 Germanus
739 2419 751 2439 ,
779 2383 1004 2437 Badenfis,
1042 2386 1084 2431 &
1107 2382 1200 2445 ipse
1216 2382 1486 2446 Chirurgus,
1508 2383 1615 2431 inde
1641 2387 1885 2436 Anatomes
1908 2379 2129 2431 Profeffer
2156 2379 2399 2432 Leidenfis.

335 2448 615 2500 Nitidiffime
629 2449 655 2495 s
651 2452 813 2497 celetos
831 2448 1166 2511 compingebat,
1192 2465 1340 2510 neque
1356 2449 1575 2496 mediocri
1592 2451 1723 2496 etiam
1739 2447 1932 2496 artificio
1951 2446 2053 2495 vasa
2070 2448 2288 2508 replebat,
2302 2463 2402 2508 par-

337 2528 496 2576 tesque
525 2515 726 2574 corporis
752 2515 946 2574 repletas
971 2511 1280 2561 conservabat.
1350 2515 1558 2561 Multum
1577 2530 1685 2561 vero
1711 2514 1871 2560 nocuit
1890 2512 1973 2559 sibi
1997 2513 2186 2559 avaritia
2215 2514 2258 2559 δι
2279 2510 2400 2572 aspe-

337 2580 475 2628 ritate
505 2594 687 2625 morum
722 2576 840 2638 (f).
910 2579 1058 2625 Pauca
1087 2576 1260 2638 scripsit
1290 2595 1594 2639 magnamque
1627 2591 1798 2640 partem
1821 2578 2036 2638 temporis
2064 2577 2115 2623 in
2141 2577 2312 2623 calculo
2337 2573 2403 2621 se-

338 2644 485 2692 cando
512 2640 690 2704 posuit,
727 2643 856 2702 cujus
879 2641 1284 2689 administrationis
1310 2659 1478 2689 novam
1516 2645 1741 2690 rationem
1777 2644 2016 2689 invenerat
2036 2676 2048 2694 ,
2096 2657 2185 2702 qua
2214 2640 2401 2700 propius

337 2709 395 2755 ad
422 2705 612 2757 vesicam
636 2705 795 2753 incisio
822 2705 972 2753 fiebat.
1042 2707 1163 2767 EJUS
1194 2706 1336 2753 exstat
1359 2706 1468 2753 Diff.
1491 2707 1772 2769 inauguralis
1801 2706 1852 2753 de
1875 2719 1976 2753 ortu
2000 2703 2059 2761 ἓξ
2083 2709 2402 2765 regeneratione

339 2773 534 2820 dentium
567 2770 690 2819 Leid.
714 2776 849 2828 1694.
866 2769 973 2828 4.*;
1009 2769 1163 2817 recusa
1182 2772 1233 2817 in
1260 2772 1355 2818 meis
1370 2772 1527 2832 feleffls
1553 2773 1608 2818 T.
1632 2772 1710 2818 VI.
1738 2789 1755 2801 Χ
1779 2772 1906 2818 Bona
1926 2769 2035 2816 Diss‘.
2072 2770 2247 2814 Contra
2268 2768 2403 2815 GAG-

339 2850 525 2886 LIARDI
550 2835 811 2883 claviculos.
878 2835 1062 2881 Nervus
1090 2836 1243 2895 quinti
1269 2837 1387 2896 paris
1407 2836 1521 2883 bene
1547 2834 1810 2897 descriptus.
1877 2833 2024 2881 Nervi
2060 2833 2305 2879 maxillaris
2330 2829 2403 2879 su-

337 2902 529 2962 perioris
558 2899 731 2947 additas
761 2914 904 2945 nervo
939 2898 1215 2945 intercostali
1240 2900 1409 2947 radices
1440 2900 1513 2947 hic
1543 2901 1739 2954 detexit,
1775 2911 1876 2946 tum
1899 2897 2099 2957 reliquos
2125 2898 2221 2957 ejus
2252 2912 2402 2943 ramos

335 2966 484 3020 vidit,
516 2967 728 3026 interque
751 2980 829 3012 eos
857 2961 1074 3010 dentales.
1142 2963 1422 3012 Rudimenta
1443 2964 1651 3014 dentium
1667 2963 2022 3019 membranacea,
2052 2959 2262 3015 sellium,
2297 2961 2405 3006 dea-

392 3091 467 3145 (f)
497 3092 688 3136 Haxsrra
717 3094 762 3134 in
790 3093 888 3143 vita,
919 3090 1189 3137 Utnunacn
1216 3089 1464 3154 ,Κειᾈῃι-Ρ,
1488 3096 1578 3143 ⁶400
2246 3038 2403 3088 tesque
