2556 3442
291 158 387 206 810
730 145 864 194 LIB.
920 148 1044 196 νη.
1112 143 1498 194 ANATOME
1549 141 1940 222 HUMANA-'s

291 297 437 335 cmm
467 277 697 332 defendit,
732 277 872 324 bilem
898 273 1118 337 sanguine
1139 290 1238 323 non
1262 272 1346 322 effe
1365 269 1638 321 craffiorem.
1709 271 1750 320 A
1773 271 1997 325 mensuris
2027 266 2356 335 patricii-iarum

291 354 337 399 &
364 349 617 398 cribrorum
639 342 834 405 pendere
857 339 1168 390 secretionem.

416 431 495 492 EJ.
534 424 643 490 Dzff
661 426 721 474 ΙΙ.
756 440 941 486 quarum
957 427 1089 486 prior
1109 424 1160 484 cst
1185 420 1237 468 de
1256 419 1598 485 physiognomia,
1635 420 1778 469 altera
1812 419 1866 468 de
1888 419 1991 480 sede
2013 425 2242 485 cogitantis
2259 427 2353 471 ani-

287 515 360 546 mae
374 532 387 552 ,
430 511 535 543 cum
557 494 795 540 FANTONI
820 486 1215 536 observationibus
1238 487 1496 533 anatomico
1518 487 1704 533 medicis
1743 484 2157 547 Venet.1713.4.*
2174 487 2353 548 prodie-

285 575 426 616 runt,
457 555 623 607 recusae
653 572 758 603 cum
796 553 994 616 operibus
1025 551 1230 600 omnibus.
1298 552 1355 598 In
1379 552 1522 613 priori
1555 548 1883 611 chiroscopiam
1909 561 2093 606 tuetur,
2138 552 2181 598 &
2209 553 2353 604 lineas

289 629 387 689 ejus
415 625 523 672 artis
557 640 583 670 a
613 622 924 668 contractione
947 613 1260 664 musculorum
1291 632 1452 663 manus
1487 618 1704 676 explicat,
1737 614 1844 663 inde
1872 614 2035 661 deduci
2059 626 2206 677 putat,
2238 633 2351 663 num

286 688 618 739 validerrobore
632 684 753 732 fetus
768 680 947 744 gavisus
964 678 1031 726 fit.
1100 677 1491 739 Metopolscopiam
1508 695 1532 725 a
1545 677 1854 734 musculorum
1868 678 2033 725 frontis
2048 696 2153 727 eum
2166 679 2354 728 cerebro

285 772 411 803 nexu
435 757 775 813 interpretatur.
843 748 961 792 Data
978 742 1040 789 est
1057 741 1320 789 Dissertatio
1348 757 1471 788 anno
1496 755 1632 801 1710.
1701 745 1771 789 De
1792 742 1891 789 sede
1917 745 2161 805 cogitantis
2187 745 2350 792 animae

283 821 393 868 dum
414 819 527 879 agit,
564 830 727 874 corpus
742 807 1022 871 potiffimum
1046 804 1278 860 callosum,
1316 807 1413 867 ejus
1440 812 1607 854 nervos
1627 807 1806 867 longos,
1837 809 1879 853 &
1896 806 2044 855 sulcos
2068 807 2350 857 transversos

285 883 498 932 describit
522 884 564 928 ὅς
588 876 807 939 depingit.
877 874 934 920 In
959 889 1012 918 eo
1042 887 1232 933 corpore
1257 872 1418 916 animae
1444 868 1594 917 sedem
1625 873 1773 931 ponit.
1841 872 1961 917 Data
1980 873 2041 919 est
2062 890 2185 920 anno
2209 885 2347 933 1712.

414 965 554 1013 Paulo
582 960 680 1022 post
701 953 960 1005 universam
980 966 1227 1000 anatomen
1249 953 1450 1000 maximo
1481 951 1706 1000 beneficio
1730 952 1882 999 noster
1906 951 2099 1008 adfecit,
2136 955 2247 1003 dum
2279 957 2364 1003 im

285 1030 508 1093 quirendo
546 1026 666 1087 apud
699 1021 886 1069 heredes
924 1022 1045 1067 Petri
1079 1015 1280 1065 Alatthaei
1312 1018 1428 1064 PINI
1463 1017 1637 1064 tabulas
1667 1018 1851 1065 demum
1889 1032 2019 1064 aeneas
2051 1017 2348 1068 Bartholomaeg·

282 1099 566 1143 RusTACfflI
613 1088 780 1137 Urbini
816 1084 1021 1136 detexit,
1065 1084 1106 1129 &
1144 1083 1195 1128 in
1230 1082 1414 1143 publica
1439 1082 1681 1129 commoda
1717 1082 1791 1128 edi
1828 1082 2006 1128 curavit
2051 1082 2188 1129 Rom.
2212 1095 2346 1143 1714.

279 1160 410 1208 sc].*.
508 1154 684 1204 Indixit
710 1152 829 1198 hanc
870 1161 1119 1195 anatomen
1156 1147 1206 1192 in
1249 1146 1436 1207 epistola
1476 1147 1597 1194 edita
1641 1147 1704 1198 in,
1743 1150 1896 1195 Giorn.
1940 1145 1993 1192 de
2030 1146 2169 1194 letters,
2210 1147 2352 1195 d’lta,

285 1227 343 1273 lin
366 1225 422 1271 T.
446 1221 558 1269 XII.
628 1217 698 1265 Ad
724 1232 820 1262 eam
852 1213 1104 1260 editionem
1134 1211 1206 1257 vir
1234 1211 1335 1258 ILr..
1369 1212 1582 1272 equidem
1612 1211 2017 1272 interpretationes
2050 1228 2149 1258 non
2176 1212 2352 1274 ubique

280 1289 435 1350 peritis
466 1283 733 1332 hominibus
761 1278 864 1326 satis
892 1277 1085 1324 facturas
1121 1275 1312 1337 adjecit,
1352 1293 1458 1323 cum
1491 1273 1770 1323 alieniffimis
1799 1274 1999 1337 negotiis
2032 1276 2227 1324 obrutus
2257 1275 2352 1339 ipse

278 1352 464 1415 quidem
500 1348 710 1409 scalpello
739 1345 1026 1392 Eesucmx
1073 1341 1227 1387 icones
1264 1340 1435 1388 imitari
1469 1356 1568 1387 non
1605 1338 1760 1401 poffet.
1830 1340 1964 1388 Vidit
1998 1342 2134 1388 etiam
2161 1342 2348 1403 aliqua.

277 1434 378 1479 quae
402 1417 728 1463 Eus’rAcnms
753 1407 987 1471 ignoravit
1006 1442 1016 1459 ‚
1054 1415 1106 1452 ut
1129 1408 1469 1466 pancreaticum
1497 1404 1703 1453 ductum.
1773 1404 1948 1454 Verum
1988 1407 2155 1467 exigua
2194 1423 2245 1454 ea
2284 1406 2352 1464 ja-

276 1487 403 1530 etum
428 1480 505 1534 est,
541 1494 679 1540 quam
705 1491 802 1522 non
829 1472 1118 1535 percipimus,
1154 1469 1390 1530 postquam
1413 1472 1689 1518 ALBINJANI
1713 1470 2032 1517 commentarii
2058 1470 2348 1531 prodierunt,

284 1546 467 1595 Addidit
492 1544 627 1591 etiam
655 1538 972 1603 praefationem
1000 1536 1270 1584 LANCISIUS
1297 1552 1404 1582 cum
1428 1536 1577 1598 operis
1612 1534 1814 1589 historia,
1848 1537 1891 1583 &
1920 1535 2258 1583 nonnullorum
2280 1537 2352 1584 in-

274 1623 521 1661 ventorum
546 1607 735 1655 indicio.

399 1690 511 1741 Diss.
548 1689 600 1738 de
627 1700 745 1737 certa
773 1685 1020 1749 studiorum
1053 1680 1315 1732 medicorum
1356 1686 1526 1730 ratione
1550 1681 1809 1745 instituenda
1841 1683 1978 1730 Rom.
2008 1695 2147 1744 1715.
2172 1682 2266 1740 83⁵.
2303 1684 2347 1731 &

271 1759 323 1809 in
346 1757 538 1822 operibus
562 1752 768 1806 omnibus,
797 1753 877 1798 Vix
899 1749 990 1796 huc
1013 1746 1135 1795 facit.

398 1839 554 1888 Edidit
577 1838 714 1884 etiam
744 1849 866 1880 anno
900 1844 1037 1890 1719.
1077 1829 1251 1878 Patavii
1275 1846 1380 1878 cum
1405 1830 1465 1878 V.
1497 1828 1763 1879 adversariis
1782 1832 1823 1894 J.
1847 1831 1893 1878 B.
1916 1828 1968 1879 M
1977 1843 2209 1879 ORGAGNI
2237 1829 2346 1878 duas

272 1905 458 1968 epistolas
480 1903 532 1950 de
557 1919 668 1949 vena
685 1899 774 1959 fine
790 1902 897 1960 pari
915 1900 1134 1959 priorem,
1172 1911 1309 1955 quarn
1335 1895 1609 1942 delineatam
1637 1896 1715 1943 dat
1733 1931 1746 1948 ,
1779 1912 2036 1956 nervosque
2062 1898 2195 1943 etiam
2220 1893 2348 1942 suda-³⁴

273 1973 337 2017 les
367 1968 598 2030 depingit,
647 1967 689 2012 δι
716 1961 1021 2024 physiologice
1059 1957 1242 2007 fabricae
1270 1957 1410 2020 hujus
1449 1977 1577 2007 venae
1605 1959 1758 2007 causas
1789 1962 2024 2022 proponit.
2112 1959 2349 2021 Sphinc'te-

270 2050 341 2084 res
371 2036 412 2081 ei
444 2049 572 2082 venae
599 2029 779 2078 tribuit.
1755 2036 1760 2038 ·
2049 2054 2068 2061 s,

399 2117 554 2164 Altera
585 2112 647 2161 est
678 2111 731 2160 de
752 2108 944 2174 gangliis
967 2123 1227 2160 nervorum,
1264 2123 1463 2168 quorum
1490 2104 1708 2154 fabricam
1738 2106 1890 2160 addit,
1939 2122 1995 2153 ex
2025 2122 2143 2168 equo
2180 2105 2346 2167 repeti-

270 2193 392 2234 tam,
427 2196 563 2241 quam
591 2190 746 2225 tamen
773 2191 909 2222 nemo
936 2172 1034 2235 post
1060 2171 1290 2219 summum
1316 2173 1468 2218 virum
1498 2171 1683 2233 perinde
1711 2169 1995 2218 manifestam
2017 2171 2150 2218 vidit.
2221 2171 2348 2218 Gan-

269 2244 358 2310 glia
386 2246 437 2292 in
459 2243 618 2290 somno
641 2238 895 2303 quiescere,
931 2239 981 2284 in
1006 2237 1164 2299 vigilia
1189 2252 1352 2297 agere5
1393 2233 1474 2282 eise
1500 2236 1718 2283 cerebella
1743 2236 1801 2283 ad
1827 2247 1981 2283 motus
2007 2235 2315 2283 voluntarios.

395 2328 471 2388 EJ.
508 2326 560 2373 de
588 2336 708 2372 motu
738 2322 880 2371 cordis
906 2318 965 2377 ἓξ
998 2317 1371 2379 anevrysmatibus
1396 2335 1511 2379 opus
1536 2318 1712 2365 dudum
1741 2320 1975 2379 inceptum
1995 2353 2008 2371 ,
2041 2317 2226 2364 demum
2251 2318 2347 2365 Ro-

268 2409 352 2446 mae
372 2397 508 2450 1728.
531 2388 647 2437 soh*
669 2388 854 2450 prodiit.
923 2384 1026 2432 Post
1048 2385 1200 2444 aliqua
1224 2384 1452 2444 generalia
1467 2384 1768 2444 pericardium
1789 2381 2032 2435 describit,
2061 2385 2102 2430 ei
2126 2385 2166 2430 &
2186 2380 2344 2438 fibras,

270 2457 541 2515 &tunicam
566 2452 830 2501 muscularis
862 2464 1038 2497 naturae
1064 2448 1227 2495 tribuit
1246 2482 1259 2501 ,
1297 2450 1340 2495 Sc
1367 2447 1605 2508 glandulas
1625 2483 1638 2498 ,
1677 2465 1732 2496 ex
1761 2449 1929 2510 quibus
1965 2464 2071 2495 eum
2101 2446 2347 2494 humorem

267 2519 390 2569 nasci
416 2531 577 2582 putat,
614 2519 694 2579 qui
721 2515 970 2578 pericardio
998 2514 1280 2561 continetur.
1363 2514 1505 2560 Porro
1539 2510 1788 2573 speculatio
1822 2513 2003 2565 cordis,
2053 2513 2096 2559 &
2140 2509 2261 2559 fetus
2294 2513 2346 2558 in

266 2598 398 2634 utero
427 2582 588 2642 senfim
609 2578 948 2629 maturescentis
966 2613 979 2632 ,
1018 2575 1175 2639 phases
1196 2577 1347 2625 cordis
1362 2575 1522 2623 sensim
1548 2595 1604 2624 ex
1629 2580 1783 2625 canale
1809 2574 2201 2625 convalescentis:
2234 2593 2347 2624 ven-

266 2651 421 2701 triculi
447 2648 596 2696 dextri
621 2643 913 2693 acceffionem
941 2644 1060 2690 reeste
1093 2642 1298 2689 adnotat.
1366 2643 1551 2689 Nervus
1583 2659 1638 2688 ex
1667 2643 1912 2690 abdomine
1940 2642 1992 2688 in
2028 2658 2106 2689 cor
2130 2639 2342 2688 redeunt.

266 2717 322 2762 In
338 2713 514 2762 causam
527 2712 735 2773 inquirit,
759 2726 859 2771 quae
874 2708 1143 2770 primaevum
1161 2707 1362 2753 canalem
1375 2706 1424 2753 in
1438 2723 1516 2753 cor
1534 2708 1802 2770 compingit.
1863 2706 2053 2754 Arteriae
2068 2708 2111 2752 δι
2128 2719 2258 2752 venae
2277 2700 2341 2749 fa·
2407 2758 2410 2763 .

265 2780 402 2826 brica.
473 2778 586 2825 Inde
621 2775 770 2838 cordis
801 2773 930 2821 fibrae
957 2769 1248 2826 musculosae,
1286 2772 1509 2826 valvum,
1547 2769 1652 2818 vasa
1678 2772 1891 2834 propria,
1928 2787 2031 2817 cum
2074 2767 2344 2821 arteriarum

264 2842 595 2905 sphinetertbus
624 2843 665 2888 &
688 2838 898 2887 valvulis.
965 2836 1251 2883 Diverticula
1282 2835 1491 2896 quaedam
1519 2834 1701 2884 venosa.
1770 2835 1917 2884 Nervi
1948 2832 2096 2880 cordis
2118 2866 2131 2885 ,
2166 2831 2217 2878 in
2246 2847 2342 2878 am-

265 2907 456 2968 pliffima
475 2942 488 2960 ,
528 2922 676 2966 neque
699 2917 853 2951 tamen
875 2900 980 2948 satis
1011 2899 1222 2946 distincta
1248 2901 1418 2947 tabula.
1485 2902 1650 2948 Motus
1675 2900 1839 2953 cordis,
1870 2899 2049 2958 qualem
2063 2895 2183 2943 ‘vidit
2204 2895 2256 2943 in
2273 2890 2344 2943 ὑῒ-

266 2974 334 3019 vis
349 2972 635 3019 animalibus.
682 2966 1061 3015 Ventriculorum
1081 2976 1232 3011 motus
1251 2981 1359 3012 cum
1374 2965 1576 3012 motibus
1593 2965 1898 3012 auricularum
1914 2962 2078 3023 partim
2096 2958 2341 3022 asynchro-

267 3053 352 3085 nos
366 3038 447 3084 ess'e
465 3047 612 3098 putat,
642 3034 807 3097 partim
821 3028 1121 3094 synchronos.
1194 3029 1387 3090 Vaginae
1417 3027 1745 3078 membranosae
1761 3024 1971 3075 vasorum
1987 3026 2341 3137 pulmonaliluim.

2282 3105 2337 3137 oc
