2556 3442
771 117 810 173 ς.
846 125 922 172 29.
957 113 1592 167 ERASISTRATEUS.
2106 112 2109 114 ’
2162 136 2224 186 57

165 274 406 321 nunquam
429 255 694 319 sanguinem
723 255 786 301 in‘
801 253 1068 313 pulmonem
1093 249 1360 299 adscendere
1387 253 1503 300 dixit
1519 287 1531 307 ,
1569 254 1612 300 δε
1643 268 1699 298 ex
1722 266 1847 301 aorta
1875 260 1930 305 ad
1956 262 2219 320 pulmonem

167 326 376 372 arteriam
413 340 468 369 ex
499 333 624 368 aorta
648 318 802 365 venire
835 318 959 376 prius
988 332 1123 376 quam
1153 315 1330 378 spinam
1352 317 1580 378 adtingat,
1624 316 1755 376 cujus
1792 332 1990 368 extrema
2023 325 2076 370 ad
2097 325 2218 386 aspe-

165 404 262 435 ram
295 389 503 434 arteriam
531 384 717 431 veniant
751 377 841 436 (l),
882 380 1078 439 denique
1109 397 1164 425 ex
1187 381 1349 427 arteria
1373 393 1502 427 aorta
1533 381 1583 427 in
1614 378 1742 441 spina
1777 381 1951 440 jacente
1983 390 2135 434 venire
2168 390 2220 436 in

169 453 436 511 pulmonem
477 447 711 496 arteriam,
761 458 861 502 quae
904 442 959 489 fit
992 443 1364 491 inflammationis
1399 442 1523 490 sedes
1559 441 1672 501 (m).
1759 445 1937 491 Deinde
1976 463 2029 493 ex
2059 467 2218 510 magna

166 529 312 566 vena,
363 512 500 573 spinae
524 510 778 569 adjacente,
828 523 883 551 ex
908 506 1042 552 corde
1070 519 1170 554 orta
1198 509 1240 554 ὃς
1270 507 1402 555 finita
1432 509 1515 554 ubi
1543 524 1568 553 a
1608 508 1826 554 vertebris
1868 506 2042 568 septum
2079 524 2220 560 trans-

169 576 348 624 versum
376 572 597 623 nascitur,
645 586 806 615 venam
837 570 1018 629 prodire
1036 604 1048 623 ‚
1102 571 1153 617 in
1181 585 1322 631 quam
1351 588 1435 632 pus
1469 572 1625 619 veniat
1665 574 1715 616 in
1739 572 1902 617 morbo
1931 574 2131 625 laterali,
2179 580 2222 622 ἃς

168 638 344 686 sursum
374 634 641 695 exspuatur,
697 650 846 693 neque
871 632 1080 679 deorsum
1101 636 1278 688 veniat,
1326 636 1450 695 quod
1485 651 1535 681 ea
1570 651 1686 680 vena
1720 651 1819 680 non
1845 636 1968 681 ultro
2005 636 2225 693 produca-

170 716 246 750 tur
279 701 356 755 (n)
378 736 388 745 .
456 700 693 745 Truncum
721 713 907 757 azygam
935 696 1015 742 effe
1042 709 1172 757 pum,
1206 715 1370 744 venam
1399 696 1736 744 bronchialem:
1781 699 2021 744 GALENUS
2044 699 2097 743 de
2114 716 2229 746 vena

166 767 488 823 interpretatur
509 796 521 814 ,
558 777 660 820 quae
695 777 719 806 a
745 776 853 806 cava
878 760 933 806 ad
962 761 1202 821 pulmones
1234 774 1318 808 eat.
1388 763 1564 808 Omnes
1589 778 1724 820 porro
1749 778 1885 807 venas
1913 763 1955 807 ὃς
1977 763 2159 808 arterias
2186 765 2229 808 &

164 825 270 874 vasa
305 833 433 871 aerea
464 841 540 884 per
569 825 832 884 pulmonem
857 841 949 870 una
978 825 1165 871 extendi
1195 825 1354 871 docuit
1385 829 1484 883 (o).
1553 826 1734 871 Nervos
1771 841 1928 871 omnes
1967 842 2022 872 ex
2045 825 2226 871 cerebro

169 889 264 951 ipso
294 890 482 948 ejusque
516 888 712 934 medulla
739 886 859 933 nasci
898 887 1012 948 (p),
1054 886 1191 934 senex
1222 889 1404 935 demum
1434 889 1655 950 adgnovit
1675 923 1687 942 ,
1736 902 1790 935 ut
1818 904 1967 935 unum
1991 889 2224 935 cerebrum

166 969 413 1000 nervorum
453 952 727 1011 principium
768 950 871 998 effet
901 951 1000 1011 (q),
1036 952 1236 1012 juniori,
1281 966 1335 999 ut
1375 954 1586 1012 nuperis,
1633 954 1866 1013 meninges
1900 951 2223 1011 imposuerant.

162 1018 290 1064 Prior
343 1029 496 1062 autem
543 1017 876 1061 ERAsffiTRATI
924 1015 1145 1061 sententia
1184 1016 1302 1076 apud
1348 1016 1534 1062 RUFUM
1577 1016 1760 1062 videtur
1808 1013 2063 1062 conservari
2109 1015 2223 1074 (ν),,

163 1096 330 1126 nervos
357 1081 466 1126 alios
492 1077 572 1124 effe
596 1076 844 1132 sensorios,
880 1096 1013 1125 cavos
1031 1113 1043 1132 ,
1083 1095 1107 1124 a
1136 1079 1428 1140 meningibus
1456 1094 1608 1132 ortos,
1644 1081 1755 1125 alios
1787 1079 2011 1125 motorios
2055 1096 2079 1125 a
2110 1095 2229 1125 cere-

164 1144 247 1189 bro
288 1145 329 1190 &
367 1143 587 1189 cerebello
623 1142 707 1201 (s)
743 1156 891 1189 natos.
975 1143 1045 1188 Ex
1088 1143 1232 1203 capite
1268 1142 1477 1203 spiritum
1508 1143 1748 1188 animalem
1782 1145 1961 1195 venire,
2012 1159 2066 1188 ex
2091 1142 2228 1188 corde

163 1209 348 1254 vitalem
384 1208 477 1262 (t).
548 1206 615 1252 Eo
648 1204 743 1266 ipso
776 1207 876 1252 loco
901 1207 1135 1258 cerebrum
1163 1205 1363 1253 hominis
1389 1222 1493 1252 cum
1521 1207 1701 1252 cerebro
1746 1207 2011 1251 animalium
2050 1222 2230 1265 compa,

163 1283 250 1317 rat.
342 1271 635 1316 Ventriculos
669 1269 812 1322 duos,
868 1270 1281 1323 communicantes,
1333 1271 1628 1323 cerebellum,
1675 1268 2046 1326 παρσγκεφαλιὸος
2080 1273 2229 1315 nomi*

163 1351 221 1380 ne
260 1334 366 1392 (u);
402 1334 711 1379 ventriculum
744 1334 982 1379 cerebelli:
1032 1334 1202 1379 cerebri
1225 1333 1518 1386 intestinula,
1565 1336 1607 1380 ὃς
1635 1333 1843 1380 cerebelli
1875 1334 2226 1380 convolutiones

164 1399 296 1444 dixit.
366 1398 543 1443 Venam
578 1398 653 1453 (x)
690 1413 925 1457 magnam,
960 1413 1061 1456 quae
1087 1395 1318 1457 sanguinis
1350 1395 1403 1443 fit
1428 1399 1788 1457 receptaculum,
1828 1399 1870 1444 δι
1893 1397 2101 1443 arteriam
2127 1412 2228 1456 quae

164 1459 375 1521 spiritus,
434 1461 484 1506 in
510 1461 724 1506 minimos
755 1476 905 1507 ramos
943 1460 1088 1507 dividi
1127 1460 1282 1513 docet,
1334 1477 1532 1521 quorum
1576 1461 1797 1520 exiguitas
1833 1459 1994 1513 saciat,
2044 1477 2101 1506 ne
2128 1459 2229 1506 san-
2293 1456 2295 1459 ⁴

169 1527 269 1586 guis
294 1525 345 1570 in
376 1522 614 1584 spirituosa
639 1521 741 1570 vasa
776 1525 1012 1583 irrumpat.
1083 1525 1139 1570 In
1166 1524 1373 1585 plethora
1400 1537 1552 1579 tamen
1581 1522 1849 1584 sanguinem
1874 1523 1952 1571 sua
1988 1522 2090 1570 vasa
2118 1524 2227 1569 dila-

167 1602 286 1642 tare,
317 1589 566 1648 irrumpere
598 1588 646 1633 in
669 1589 849 1634 arterias
868 1622 880 1641 ,
912 1587 970 1635 fic
1000 1588 1404 1635 inflammationem
1432 1591 1473 1635 ἃ
1503 1586 1673 1634 febrem
1704 1587 1804 1634 fieri
1839 1591 1927 1648 (y)
1946 1624 1955 1633 .
2026 1589 2225 1634 Arterias

165 1652 340 1712 primus
379 1668 485 1697 cum
520 1653 649 1698 venis
691 1653 731 1697 &
768 1653 921 1698 nervis
966 1653 1087 1698 inter
1124 1665 1269 1711 partes
1306 1651 1569 1698 universum
1605 1653 1679 1709 (z)
1710 1668 1872 1710 corpus
1899 1651 2227 1697 constituentes

165 1716 438 1761 numeravit.
532 1716 721 1772 Hepatis
750 1731 928 1761 carnem
953 1715 1255 1776 parenchyma
1286 1715 1362 1773 (a)
1396 1716 1538 1769 dixit,
1571 1713 1629 1762 fic
1653 1716 1704 1761 in
1730 1715 1828 1762 aliis
1863 1714 2133 1765 visceribus,
2169 1714 2231 1773 je-

164 1795 298 1832 core,
337 1780 582 1839 pulmone,
620 1781 762 1831 liene,
801 1780 982 1825 cerebro
1018 1780 1119 1835 (b).

293 1875 375 1921 Per
414 1873 661 1921 invisibiles
697 1887 871 1922 meatus
909 1876 1046 1922 bilem
1094 1892 1149 1922 ex
1192 1875 1352 1936 hepate
1385 1876 1435 1922 in
1469 1874 1586 1922 fellis
1628 1863 1870 1922 vesiculam
1903 1877 2060 1921 venire
2098 1873 2225 1934 (c),

163 1936 454 1992 Musculum,
485 1939 593 1985 dum
609 1936 769 1999 spiritu
782 1940 1003 1999 repletur,
1041 1941 1091 1986 in
1108 1940 1348 1987 latitudine
1373 1941 1541 2001 augeri,
1578 1941 1627 1986 in
1641 1940 1930 2000 longitudine
1945 1939 2094 1985 minui
2118 1938 2196 1996 (d)
2214 1973 2225 1983 2

295 2036 352 2083 In
379 2034 699 2098 physiologicis
722 2036 900 2083 multus
933 2035 1057 2092 fuit,
1105 2039 1148 2085 δι
1176 2037 1359 2098 propria
1399 2037 1560 2098 placita
1583 2035 1764 2084 secutus
1795 2035 1881 2089 est,
1918 2053 2011 2096 quo
2047 2031 2225 2087 effecit,

2172 2109 2228 2146 ut

217 2216 269 2264 (n
315 2216 477 2256 GALEN.
511 2217 575 2254 [οε.
605 2213 738 2264 adfec‘l.
774 2216 884 2258 LV·

221 2270 305 2316 (m)
330 2267 427 2308 Ibid.
459 2267 565 2306 Conf
604 2276 719 2307 arter.
757 2283 840 2311 ven,
868 2266 948 2320 fid?
990 2281 1023 2307 c.
1048 2282 1084 2317 9.
1198 2268 1264 2318 (n)
1292 2269 1392 2314 lbid.
1519 2268 1580 2318 (o)
1608 2267 1705 2309 Ibid.

218 2321 282 2370 (p)
312 2322 360 2360 In
388 2321 452 2358 lib.
487 2319 716 2369 divisionum
743 2322 845 2371 apud
873 2322 1106 2361 Gauium-i.

220 2374 283 2422 (q)
313 2375 361 2412 In
388 2370 589 2422 aphorifin.
622 2372 665 2411 L.
690 2372 754 2415 VI,
786 2386 826 2415 n.
857 2387 916 2414 ιο,

216 2425 274 2473 (r)
301 2424 412 2472 Apud
444 2423 660 2462 GALENUM
685 2427 817 2474 placit.
876 2425 998 2470 Hire.
1030 2426 1065 2465 &
1091 2425 1219 2466 Phar.
1254 2424 1298 2469 L.
1316 2424 1400 2470 VH.
1433 2438 1468 2468 e.
1488 2434 1519 2474 3.
1549 2423 1577 2468 s.
1606 2423 1801 2478 διαιρεσιων.

215 2478 273 2524 (s)
302 2476 440 2526 Appeu.
477 2475 522 2516 ΙΙ.
553 2475 620 2518 fin.

215 2529 271 2577 (t)
301 2529 420 2569 ΗιΡΡ.
458 2528 540 2567 ΡιΑ
554 2542 586 2569 1¹.
615 2530 751 2567 decret.
784 2528 831 2571 II,
864 2542 899 2571 e.
921 2538 957 2576 8.

217 2583 280 2630 (u)
308 2581 471 2622 GALEN.
503 2582 589 2620 util,
622 2580 789 2621 L.·V111.
823 2595 853 2621 c.
880 2595 939 2622 12.

217 2636 281 2681 (x)
311 2633 473 2673 GALEN.
507 2647 607 2671 venae
622 2631 712 2684 [αἳ.
747 2636 833 2676 miv,
868 2634 1157 2677 ERAsisTRA'r.

218 2686 281 2735 (y)
312 2686 422 2735 Apud
447 2686 608 2726 Gaulum.
646 2687 687 2723 in
712 2689 861 2730 introd.
918 2686 1173 2727 PLUTARCH.
1194 2689 1330 2738 placit.
1360 2688 1402 2733 L,
1424 2687 1469 2729 V.
1500 2699 1534 2732 c.
1562 2701 1624 2739 25.

219 2739 279 2786 (z)
313 2738 474 2778 GALEN.
505 2739 545 2776 in
573 2738 781 2778 introdue’t‘.

218 2791 274 2834 (αἱ
308 2789 470 2832 GALBN.
501 2793 598 2829 med.
624 2801 738 2840 comp>
756 2789 834 2842 ste.
860 2792 928 2837 loc,
957 2791 1059 2833 VIII.
1092 2805 1125 2837 c,
1148 2802 1188 2844 7.

215 2840 282 2888 (b)
316 2843 407 2881 Nat.
429 2844 536 2882 hum.
570 2842 594 2881 ΙΚ
627 2842 843 2883 Ιηιένοιίιιὲῗ.

217 2893 278 2940 (c)
307 2893 468 2933 GALEN.
494 2898 538 2934 de
563 2897 630 2939 loc.
662 2895 780 2948 affed't',
811 2896 855 2937 L,
874 2897 920 2943 V,
952 2909 985 2944 c.
1014 2908 1052 2950 3.

215 2945 281 2996 (d)
308 2945 403 2986 Ibid.
439 2947 480 2993 L.
499 2946 566 2992 VI.
