2556 3442
766 139 813 201 §-
845 152 956 204 740.
1023 141 1191 191 ANT.
1225 141 1690 197 VALISNIERI.
2167 165 2256 210 '593

203 271 350 335 poffe,
398 275 440 321 &
478 273 573 320 diu.
641 271 757 321 Fasti
797 273 903 320 vitae
942 273 985 319 &
1024 288 1209 319 morum
1246 271 1597 322 Chamaeleontis
1635 295 1660 324 a
1704 279 1950 328 CESTONO
1990 280 2256 343 consignati.

203 338 381 385 Aestate
403 337 628 398 imprimis
653 335 920 384 viridescere
935 371 947 391 ‚
975 338 1140 396 pallere
1161 334 1380 397 sanguine
1397 353 1421 382 a
1443 341 1644 396 corporis
1664 340 1897 401 superficie
1919 348 2128 398 reti-aero,
2157 359 2255 392 tum

199 404 356 448 noctu.
424 403 538 449 Non
561 401 776 448 inducere
799 403 972 447 colores
999 416 1284 459 pannorum,
1322 401 1488 462 quibus
1508 401 1784 461 imposueris.
1857 410 2018 454 Aerem
2045 409 2093 454 in
2111 407 2257 456 sulcos

204 478 422 513 cutaneos
447 478 681 525 receptum
714 465 859 510 videri
887 465 1093 508 colorum
1125 465 1392 511 varietatem
1426 463 1584 510 facere.
1674 468 1945 524 Generatim
1981 475 2251 532 parturitio,

204 546 321 583 ova,
355 542 592 581 anatome,
629 528 785 578 costae,
821 537 1068 585 earumque
1100 527 1301 586 duplices
1332 529 1766 582 dearticulationes3
1818 537 2081 592 pulmones,
2114 537 2256 583 vcl‘ica

202 601 330 641 aerea
353 609 458 640 cum
479 590 630 651 aspera
654 591 818 635 arteria
842 590 1200 638 communicans.
1270 593 1446 639 Sacculi
1471 592 1656 653 adiposi,
1681 594 1936 651 oviductus,
1965 599 2063 645 bini
2089 617 2251 660 pencs;
2302 634 2305 637 Δ

201 658 360 718 lingua
400 666 605 703 accurate
653 651 870 713 descripta
884 672 897 705 3
946 655 1078 700 nervi
1110 655 1265 715 optici.
1350 658 1642 703 Lacertarum
1678 670 1902 706 anatome.
1970 663 2112 709 Ranis
2158 681 2253 710 non

199 720 370 781 pluere.
437 721 507 765 De
534 717 730 764 utilitate
757 715 1038 764 sacculorum
1067 717 1372 779 adiposorum.
1440 722 1512 767 De
1544 738 1758 769 ranarum
1785 722 1895 769 cibis
1925 726 1966 770 &
1996 742 2152 772 eorum
2184 745 2256 774 co-

200 786 367 831 Ctione.
436 782 628 829 Urinam
652 779 878 827 bufonum
907 798 1003 827 non
1030 781 1110 827 effe
1139 797 1424 831 venenatam.
1494 786 1739 833 Generatio
1763 803 1975 834 ranarum
1994 822 2005 841 ‚
2038 791 2079 835 Sc
2107 793 2250 849 penis.
2320 789 2321 794 ¹

197 850 268 894 De
283 845 456 894 bufone
468 846 571 906 pipa
590 864 603 897 ;
639 862 805 892 marem
820 844 917 898 effe,
954 863 1054 905 quae
1072 844 1240 893 femina
1261 849 1520 907 putabatur,
1550 852 1591 896 &
1607 848 1814 904 viciffim,
1847 867 2106 911 maremque
2125 855 2250 905 adeo,

198 914 278 971 qui
309 927 396 957 ova
426 912 476 956 in
505 908 638 956 dorso
664 908 962 956 circumferat.
1033 911 1139 957 Ova
1175 928 1403 960 ranarum.
1470 915 1697 961 Anatome
1738 912 1940 963 bufonis.
2008 916 2172 976 Aliqua
2202 919 2255 963 de

197 976 443 1022 crocodilo.

263 1060 267 1063 ’
330 1055 568 1116 Hyacinthi
599 1057 831 1104 CESTONI
870 1058 1013 1117 istoria
1057 1056 1166 1103 della
1197 1070 1342 1118 grana
1380 1058 1450 1104 del
1483 1064 1653 1107 Kermes
1687 1059 1782 1117 &a
1820 1061 1869 1108 in
1908 1063 2011 1109 ilice
2050 1065 2254 1123 repertis.

194 1121 429 1181 Hactenus
453 1121 543 1167 huc
564 1119 701 1175 facit,
740 1121 864 1182 quod
891 1120 1128 1168 mirificam
1156 1123 1336 1175 vitam,
1362 1125 1729 1184 generationem,
1765 1139 1962 1172 mortem
1988 1126 2129 1188 hujus
2159 1127 2254 1174 aniz

193 1187 322 1230 malis
360 1184 595 1232 describat.
684 1188 896 1238 Omitto,
936 1202 1037 1246 quac
1078 1185 1132 1231 de
1176 1187 1336 1233 multis
1376 1188 1475 1234 aliis
1507 1191 1788 1236 animalculis
1825 1189 2010 1250 profert.
2080 1192 2251 1251 Sponte

192 1246 384 1306 quiescit
407 1250 588 1302 animal,
624 1251 666 1296 Sc
689 1251 739 1295 in
770 1248 928 1296 siccam
952 1251 1114 1311 gallam
1141 1262 1364 1297 mutatur.
1433 1252 1654 1299 Volatilia
1690 1255 1961 1301 animalcula
1983 1267 2137 1315 partus
2171 1255 2252 1302 ell'e

189 1310 382 1371 spurios.
452 1315 524 1359 De
567 1315 860 1375 generatione
902 1315 1103 1374 pulicum
1143 1315 1306 1375 pariter
1347 1316 1390 1362 eit
1416 1316 1536 1376 apud
1564 1317 1914 1366 VALISNERUM
1967 1321 2009 1366 &
2047 1320 2098 1366 in
2135 1318 2250 1367 Phil.

195 1376 351 1436 Trans.
379 1393 426 1422 n.
451 1389 557 1436 249.
590 1376 666 1425 sua
692 1379 1001 1439 experimenta
1030 1376 1216 1439 profert·

314 1463 482 1506 Nuova
510 1478 531 1505 e
555 1461 859 1523 maravigliofiz
873 1461 1076 1524 scoperta
1101 1460 1184 1508 dell
1196 1463 1206 1482 ²
1234 1466 1399 1525 origine
1421 1461 1468 1509 di
1488 1463 1610 1511 molti
1635 1464 1882 1513 animalculi
1895 1464 2000 1525 fidle
2021 1465 2156 1529 fhglie
2185 1463 2251 1512 de'

188 1521 331 1571 cardi.
403 1525 578 1571 Omnia
610 1542 779 1586 parere.

313 1610 482 1661 ,Nuove
513 1605 1001 1669 ·offervazioni2intorno
1037 1609 1122 1656 alla
1166 1611 1433 1672 costituzione
1471 1611 1713 1670 verminosa
1745 1611 1798 1657 ed
1825 1612 2054 1674 epidemica
2077 1611 2249 1673 seguita

186 1670 289 1717 nelle
309 1670 497 1781 gavalle,
533 1673 686 1719 cavalli
713 1690 733 1720 e
751 1672 956 1735 pulledri.
1024 1675 1164 1721 Hunc
1184 1676 1398 1722 morbum
1425 1674 1505 1722 effe
1531 1693 1556 1722 a
1577 1677 1836 1730 vermibus,
1875 1694 1991 1737 quos
2019 1674 2171 1723 musea
2198 1676 2249 1722 in

186 1749 276 1781 ano
342 1747 522 1795 eponat.

318 1817 438 1864 Cum
473 1816 564 1864 hoc
595 1817 750 1872 libello
780 1819 965 1867 videtur
992 1818 1228 1881 prodiiffe3
1265 1833 1384 1868 certe
1421 1823 1471 1868 in
1498 1822 1699 1875 editione
1728 1834 1862 1880 1733.
1895 1823 2139 1884 conjuncta
2168 1822 2246 1876 est,

182 1876 334 1926 satura
370 1879 647 1929 diversarum
675 1882 1046 1931 observationum
1083 1887 1250 1946 partim
1286 1886 1342 1932 ad
1364 1900 1609 1934 anatomen
1630 1887 1971 1949 pertinentium.
2038 1888 2129 1935 Hic
2153 1888 2253 1949 pla·

185 1957 332 1991 eentae
355 1944 612 1993 veficulosae
644 1949 686 1994 ὃς
712 1949 810 1994 aliae
839 1947 1094 2008 hydatides.

312 2026 504 2074 Vitulus
531 2024 756 2075 difformis
796 2029 918 2091 (jam
953 2027 1162 2091 didius).

309 2109 454 2157 Porus
480 2111 531 2156 in
557 2096 714 2156 aculeo
740 2108 1008 2173 scorpionis.

309 2191 628 2239 Monstrorum
653 2191 851 2240 historiae
867 2213 880 2246 3
918 2211 1020 2242 aves
1049 2195 1361 2258 quadrupedes
1376 2217 1391 2252 5
1439 2216 1524 2247 ova
1544 2196 1827 2254 monstrosa,
1874 2197 1985 2246 dens
2012 2197 2244 2247 humanus

182 2256 413 2311 enormis3
451 2258 550 2304 alia.
2017 2285 2021 2288 ’

308 2339 488 2400 Lingua
524 2339 894 2388 Chamaeleontis.

304 2420 587 2468 Ovariorum
612 2422 663 2468 in
687 2423 900 2484 anguillis
927 2421 1194 2485 descriptio,
1231 2435 1520 2489 ovorumque
1552 2439 1722 2490 partu&

306 2500 419 2548 fuse
443 2514 601 2549 contra
632 2503 910 2552 ANDRYUM.

304 2585 455 2645 istoria
485 2584 594 2632 della
615 2591 898 2648 genera-aione
920 2588 1025 2634 dell’
1044 2606 1167 2638 uomo
1189 2608 1210 2637 e
1235 2590 1347 2652 degli
1373 2592 1553 2638 animali
1564 2593 1612 2652 β’
1623 2592 1689 2651 sia
1715 2592 1773 2639 da
1797 2593 2026 2640 vermicelli
2043 2589 2235 2652 sperma-

175 2651 282 2701 tici,
320 2648 421 2706 ofi-ez
441 2649 549 2695 dalle
579 2667 693 2697 uovci
727 2652 930 2698 Venezia
953 2665 1088 2711 1721.
1116 2654 1200 2712 4*
1267 2657 1534 2702 Germanice
1569 2674 1591 2702 a
1622 2658 1674 2703 C.
1708 2658 1918 2705 BERGER
1953 2654 2064 2702 vers.
2106 2656 2236 2720 Lem-

175 2728 280 2773 gov.
307 2724 441 2771 1739=
470 2711 548 2768 8.*
613 2715 901 2775 Praecipuum
928 2717 1301 2777 &pleuiffimum
1331 2719 1636 2768 VALISNERH
1667 2738 1799 2782 opus,
1841 2725 1881 2768 ἃ
1908 2722 2102 2766 maxima
2128 2734 2235 2764 cura

175 2775 480 2824 elaboratum.
535 2779 590 2825 In
614 2792 741 2840 parte
774 2781 918 2839 prima
941 2798 1106 2843 magno
1131 2785 1284 2829 labore
1304 2780 1841 2836 LEE‘UWENHOECKIUM
1871 2782 2054 2831 refutat.
2119 2783 2235 2829 Ver-

172 2838 366 2887 miculos
393 2842 619 2896 admittit,
654 2842 728 2890 sed
768 2842 908 2891 factos
945 2845 1026 2892 effe
1063 2860 1217 2907 putat,
1266 2861 1319 2894 ut
1354 2851 1718 2910 coagulationem
1746 2848 1932 2907 ‘seminis
1963 2847 2228 2907 impediant.

173 2902 326 2949 Nimis
355 2904 507 2964 paffim
531 2905 722 2955 subtilis.
796 2910 853 2954 In
879 2911 1019 2957 altera
1045 2925 1169 2971 parte
1195 2910 1469 2972 hypothefin
1493 2931 1688 2960 ovorum
1724 2913 1935 2973 corrigit:
1986 2927 2120 2973 negat
2157 2928 2232 2957 ve-

172 2982 277 3013 r-um
309 2984 449 3015 ovum
480 2968 735 3019 humanum
772 2985 935 3020 notum
965 2974 1074 3028 effe,
1110 2976 1248 3036 idque
1272 2990 1402 3037 putat
1427 2977 1775 3038 inconspicuum
1807 2978 1856 3022 in
1883 2979 2008 3024 luteo
2042 2991 2230 3037 corpore

171 3031 325 3087 latere.¹
391 3034 544 3080 Multa
568 3052 677 3083 vero
701 3039 824 3085 bona
851 3037 905 3086 de
932 3041 986 3088 iis
1012 3042 1277 3101 cor-poribus
1310 3059 1365 3087 ex
1392 3043 1549 3090 multis
1572 3042 1842 3090 animalibus
1867 3040 2053 3104 profert.
2122 3040 2231 3089 MO-

1127 3104 1402 3153 Hhhhh
2166 3106 2230 3151 las
