2556 3442
332 156 396 207 4²
546 136 557 140 ‘
994 106 1275 201 tzar.
1377 108 1714 190 GRAECI.

345 298 425 329 nes
450 279 654 344 vetustus
689 282 846 328 auctor
874 278 1092 341 proferat,
1142 293 1241 337 quae
1272 292 1376 322 cum
1405 275 1567 323 nostris
1601 277 1785 339 nuperis
1814 277 2013 326 inventis
2039 285 2242 329 accurate
2268 290 2378 330 con.

335 345 555 393 sentiunt.
643 345 710 391 Eo
755 343 916 390 referas
954 341 1120 402 septem
1167 342 1338 385 colores
1375 338 1669 400 primigenios
1718 357 1821 387 cum
1854 339 2031 400 septem
2069 342 2379 394 consonantiis

337 420 642 469 comparatos,
680 410 722 454 &
750 408 937 467 gratiam
967 404 1527 462 utrorumqueanumeris
1543 404 1831 462 pendentem.
1897 405 2092 451 Homini
2125 410 2376 464 maximum

338 473 459 519 inter
489 472 700 517 animalia
726 470 955 516 cerebrum
985 466 1079 512 effe.
1148 465 1327 511 Animal
1353 463 1433 509 effe
1458 465 1580 523 quod
1605 465 1770 520 sentit,
1812 484 1909 513 non
1937 468 2105 514 animal
2131 471 2254 528 quod
2279 465 2377 519 non
2410 467 2417 469 i

336 534 487 581 sentit.
554 534 770 581 Afitentio
798 532 930 577 etiam
959 528 1151 574 auctoris
1177 527 1232 572 ad
1261 525 1584 585 phaenomena,
1621 545 1721 587 quae
1747 529 1905 590 sponte
1936 529 1978 575 se
2007 527 2222 584 offerunt,
2258 532 2378 579 sum-

336 614 411 644 ma
443 597 518 643 est.
586 598 766 643 Meatus
793 594 1030 640 oculorum
1058 592 1109 636 in
1131 590 1380 636 vulneratis
1414 588 1616 636 absciffos
1642 590 1785 638 feciffe
1809 595 2053 640 caecitatem
2077 611 2088 638 ε
2123 593 2332 642 homines
2351 614 2376 642 a

337 660 585 718 carbonum
610 658 753 704 halitu
780 655 1038 702 exanimari.

466 755 619 801 Vertit
657 769 759 799 eum
786 753 814 798 1,
845 755 890 805 J.
920 749 1104 795 Lucillus
1130 748 1491 795 PmLALrHEus
1527 746 1737 795 Venetiis
1770 761 1902 808 ¹544·
1928 763 2374 812 1549.1559.1573.
2440 790 2449 791 κ

336 818 417 867 fol.
452 834 560 865 cum
581 819 649 863 M.
674 817 876 862 EPHEsn
909 810 1101 858 scholiis.
1172 812 1329 857 Graece
1355 811 1524 871 prodiit
1564 812 1730 858 Venet.
1757 825 1891 871 1527.
1921 811 2005 860 fol.
2072 817 2203 863 Solus
2238 817 2375 864 Fran·
2430 810 2441 822 ‘⁵

337 881 502 930 cofurti
534 886 668 938 1596.
710 879 772 933 8⁰.
808 877 976 935 absque
1002 876 1354 928 commentario,
1386 886 1608 935 quantum
1634 875 1782 921 video.

468 974 708 1023 Theodorus
737 974 1061 1020 METOCHITA
1101 972 1152 1016 in
1198 986 1302 1016 eum
1338 982 1666 1016 commentatus
1705 970 1786 1026 sest.
1874 971 2002 1018 Alius
2038 976 2086 1026 J.
2127 973 2376 1020 Alexandri

334 1042 492 1088 APHR.
519 1036 895 1087 commentarius,
933 1036 975 1080 &c
999 1038 1175 1080 Simonis
1201 1035 1416 1079 Simoml
1451 1035 1582 1093 Lyon
1613 1039 1747 1089 1566.
1784 1034 1958 1080 TREw.
1999 1037 2040 1081 ἃ,
2076 1037 2373 1084 AVER'RHOIS

334 1104 536 1150 arabicus
565 1099 914 1146 commentarius
938 1098 1052 1144 MS.
1087 1096 1148 1142 est
1178 1099 1227 1143 in
1250 1097 1298 1141 B.
1330 1097 1386 1142 R.
1413 1097 1460 1142 P.
1498 1097 1534 1142 Ι.
1566 1100 1615 1141 n.
1642 1101 1747 1152 316.
1830 1098 1886 1143 T.
1924 1097 1978 1144 de
2011 1100 2222 1153 Aquino
2250 1116 2372 1146 com-
2418 1102 2423 1105 '

333 1165 580 1214 mentarius
602 1164 651 1209 in
674 1164 721 1208 B.
747 1160 1022 1219 Mertonenfi.

461 1265 530 1308 De
554 1262 754 1306 memoria
783 1254 842 1312 ἓξ
871 1255 1181 1316 reminiftentia
1198 1288 1210 1310 ‚
1250 1269 1443 1316 quarum
1463 1253 1544 1301 ista
1565 1251 1704 1301 solius
1744 1253 1805 1301 est
1830 1252 2044 1303 hominis.
2112 1257 2221 1304 Fere
2245 1272 2374 1319 argu-

330 1326 475 1373 menti
505 1323 565 1370 est
592 1319 891 1381 metaphyfici.
2268 1326 2274 1329 »

459 1421 516 1466 In
540 1419 674 1465 istum
701 1417 994 1463 commentati
1017 1413 1123 1461 sunt
1149 1416 1407 1463 Pro'rmus
1428 1448 1440 1468 ‚
1472 1413 1668 1460 Michak'l
1699 1414 1944 1462 Eensssms
1965 1449 1976 1468 ,
2020 1417 2368 1471 THEMISTIUS,

332 1485 647 1532 METOCHITA
666 1515 676 1533 ‚
715 1496 911 1540 quorum
938 1478 1016 1524 iste
1046 1480 1182 1524 latine
1215 1491 1395 1524 tantum
1420 1475 1646 1537 superest:
1693 1479 1832 1523 Porro
1860 1476 2038 1525 Thomas
2069 1480 2122 1524 ab
2140 1482 2368 1535 AQUINO,

332 1552 380 1605 J.
399 1546 638 1592 Ludovicus
653 1545 828 1595 V1v1-:s‚
860 1546 1000 1589 Simon
1016 1543 1283 1594 81MON1US,
1319 1541 1397 1600 qui
1413 1552 1590 1586 textum
1609 1541 1743 1587 etiam
1759 1557 1903 1601 graeco
1921 1542 2086 1588 —latine
2105 1543 2246 1589 edidit
2280 1544 2371 1590 Ge-

333 1627 436 1656 nuae
467 1613 599 1666 1566.
636 1605 714 1652 fol.
751 1607 901 1652 PLAT.
970 1606 1026 1651 In
1050 1603 1173 1651 hunc
1198 1607 1239 1651 ὃς
1266 1605 1316 1650 in
1338 1605 1535 1665 priorem
1565 1604 1734 1650 librum
1761 1616 2093 1652 commentatus
2120 1606 2180 1651 est
2195 1610 2243 1660 J.
2264 1609 2370 1654 Gut-

332 1678 455 1720 tiere's
486 1672 536 1718 de
566 1672 754 1718 GODOY
783 1669 969 1716 Giennii
999 1675 1132 1724 1629.
1164 1668 1228 1727 4⁰.

454 1772 522 1814 De
540 1766 685 1825 fhmno
712 1763 771 1821 &
800 1764 962 1824 vigilia.
1031 1765 1244 1810 Dormire
1274 1764 1427 1810 onmia
1451 1764 1685 1817 animalia,
1723 1780 1823 1823 quae
1851 1765 2009 1810 oculos
2034 1757 2229 1818 habent,
2266 1765 2369 1812 dor-

332 1831 443 1878 mire
467 1829 664 1881 insedi&
713 1830 765 1874 de
806 1828 1011 1881 ostraceis
1046 1828 1197 1873 minus
1234 1841 1397 1874 notum
1429 1825 1509 1872 ess'e
1530 1846 1543 1878 ς
1592 1827 1675 1872 ubi
1707 1827 1861 1880 vides,
1900 1826 2161 1873 divilionem
2200 1829 2370 1874 anima-

330 1897 443 1941 lium
475 1893 565 1939 fere
597 1909 719 1945 eam,
755 1907 855 1951 quae
882 1892 1092 1937 LINNAEI.
1160 1892 1299 1937 Porro
1337 1892 1656 1949 explicationes
1692 1891 1853 1949 aliquae
1889 1889 2158 1936 mechanicae
2192 1893 2233 1937 ἃ
2257 1890 2369 1950 phy.

331 1957 564 2017 fiologicae.
632 1956 906 2017 Sanguinem
947 1955 996 2000 in
1036 1955 1178 2014 capite
1213 1952 1521 2001 tenuiffimum
1545 1986 1558 2005 ,
1603 1954 1654 1999 in
1692 1953 1897 2014 partibus
1942 1952 2132 2000 infernis
2172 1951 2368 2000 craffissi-

331 2037 457 2068 mum
491 2018 584 2065 effe.

456 2115 627 2162 Prodiit
652 2112 829 2162 seorsim
845 2131 908 2174 gr.
933 2115 1068 2160 latine
1094 2129 1197 2160 cum
1217 2114 1507 2160 LEONICENI
1539 2109 1741 2159 versione
1766 2109 2057 2159 Gieffiss1610.
2094 2118 2160 2165 8⁰.
2196 2111 2364 2160 GUNZ.

333 2181 377 2227 &
409 2194 547 2240 graece
576 2194 679 2224 cum
708 2179 805 2224 aliis
837 2180 1071 2224 nonnullis
1100 2175 1307 2223 Francos.
1340 2188 1474 2233 1550.
1514 2180 1575 2229 8⁰.
2238 2182 2243 2185 ’

458 2276 516 2321 In
544 2290 646 2320 eum
678 2273 843 2319 librum
884 2274 1206 2320 THEMISTIUS
1244 2283 1575 2318 commentatus
1614 2270 1699 2324 est,
1759 2273 1802 2317 Sc
1840 2269 2017 2318 Thomas
2054 2270 2108 2316 de
2142 2269 2365 2325 AQUINO.

335 2338 503 2387 Claudii
529 2337 812 2383 CAMPENSIS
838 2337 1187 2383 commentarius
1217 2336 1385 2395 prodiit
1423 2334 1594 2381 Parisiis
1624 2341 1758 2391 1556.
1796 2338 1859 2388 8⁰.
1895 2336 2048 2381 Boni..
2107 2334 2226 2379 Cum
2257 2335 2285 2380 l.
2311 2334 2366 2379 de

328 2401 543 2447 memoria
568 2402 609 2445 &
634 2398 962 2446 reminiscentia
991 2400 1150 2447 Vener.
1172 2411 1307 2457 1527.
1344 2396 1521 2446 MEAD.

454 2499 522 2541 De
536 2493 722 2552 meniis.
790 2495 878 2541 Hic
902 2495 956 2541 de
983 2495 1206 2542 erroribus
1234 2493 1442 2541 sensuum
1471 2494 1634 2554 agitur.
1702 2492 1864 2540 Visum
1896 2494 2218 2539 accuratiorem
2253 2487 2360 2542 effe,

332 2561 375 2606 &
408 2561 578 2604 tactum
605 2557 838 2617 corrigere.
904 2559 1314 2618 Degenerationem
1347 2559 1550 2604 colorum
1576 2557 1631 2603 ab
1659 2555 1859 2617 inspecsto
1886 2573 2071 2616 corpore
2101 2553 2376 2614 splendente»

327 2620 552 2673 recenset,
585 2621 771 2665 omnino
800 2620 855 2665 ad
885 2622 1298 2668 NEWTOMANUM
1329 2621 1547 2667 ordinem.
2293 2617 2297 2620 ’

454 2718 511 2762 In
535 2714 658 2761 hunc
687 2715 849 2760 librum
879 2716 1228 2773 JAanlcuus,
1264 2718 1612 2768 ΤΗΕΜΙεΤΙυε,
1645 2714 1838 2762 Midiae!
1856 2709 2124 2767 EPH‘ESIth,
2177 2710 2366 2760 Theodo-

327 2797 403 2829 rus
429 2781 767 2839 ΜΕΤΟΩΗΙΤΑκ
784 2779 825 2823 &
858 2776 1034 2824 Thomas
1061 2779 1113 2823 de
1143 2781 1350 2833 Aqumo
1378 2791 1706 2825 commentatus
1732 2780 1806 2824 est.
1876 2779 1959 2825 Iste
1984 2795 2086 2824 curn
2110 2776 2188 2823 lib.
2218 2777 2272 2822 de
2298 2776 2364 2821 di-

327 2843 588 2892 vinatione,
634 2843 676 2886 δι
702 2839 755 2884 de
792 2838 950 2885 somno
983 2843 1023 2886 &
1051 2842 1230 2900 vigilia,
1275 2859 1329 2887 ex
1355 2841 1555 2889 veriione
1580 2844 1757 2890 Nicolai
1784 2843 2005 2890 LEONICI
2038 2839 2196 2889 Gieffae
2225 2838 2362 2886 latine

325 2905 497 2969 prodiit
524 2910 659 2952 1610.
699 2902 761 2958 8⁰.
799 2902 946 2950 Fam.
976 2918 1150 2951 annum
1177 2907 1285 2953 citat
1310 2911 1444 2965 1614.

2292 2993 2364 3044 De
