2556 3442
237 109 242 110 ’
293 131 392 188 446
660 121 794 171 ma.
847 121 932 171 VI.
998 111 1454 177 ANIMALIUM
1497 109 1972 179 I‘NCISIONEs.

685 246 732 305 S.
769 245 1139 295 CCCCXIII.
1207 245 1451 290 Dominicus
1484 239 1541 286 de
1570 239 1943 292 Mannum,

427 347 587 397 PETRI
612 343 676 394 fil.
711 344 1011 393 Anatomicus
1033 340 1302 393 Patavium,
1339 354 1473 399 quem
1496 336 1637 383 nimia
1660 351 1805 382 venus
1832 333 1999 382 occidit
2029 331 2115 395 (i)
2131 367 2147 388 ‚
2186 334 2256 384 rob
2280 337 2352 384 in..

294 412 517 462 *dustriam
548 425 808 459 coaevorum
841 408 996 456 laudes
1036 405 1250 458 meritus,
1298 402 1419 449 solus
1456 399 1546 447 fere
1575 399 1657 447 suo
1698 416 1799 446 aevo
1823 397 2074 445 humanam
2107 410 2352 446 anatome-en

300 494 384 539 pro
412 477 631 537 dignitate
658 473 887 520 exercuit:
932 474 973 517 &
999 470 1105 516 licet
1125 468 1181 513 ad
1206 482 1483 526 nuperorum
1515 466 1703 511 inventa
1730 462 1774 509 se
1808 464 1943 523 paulo
1978 463 2240 509 alieniorem
2259 462 2352 523 ges-

300 541 408 588 serit
425 575 438 594 ,
471 540 666 601 plurima
681 549 835 584 tamen
850 539 901 581 in
917 533 1045 580 brevi
1070 547 1202 590 opere
1224 528 1459 576 rectissime
1482 527 1625 580 vidit,
1662 544 1757 574 non
1779 525 1883 574 satis
1906 543 1930 572 a
1949 527 2135 586 nuperis
2155 538 2236 573 aut
2256 528 2353 572 lau-

302 605 459 658 datus,
509 614 589 650 aut
624 603 676 649 in
711 599 820 648 usus
852 598 956 645 suos
994 593 1160 642 versus.
1229 595 1349 653 EJus
1384 593 1519 638 breve
1549 590 1839 651 compendium
1864 594 2150 636 anatomicam
2183 589 2353 650 prodiit

298 669 454 716 Patav.
489 674 624 724 1652.
656 677 702 724 4.
743 666 891 711 L1N1).
926 658 1030 718 (k),
1073 663 1212 715 1654.
1241 654 1322 714 4*
1368 653 1483 714 saepe
1522 654 1729 701 recusum
1762 653 2031 701 Hardervici
2068 659 2202 711 1656.
2240 652 2352 704 122²·

248 762 251 763 ν
300 731 586 785 Leid.1688.
624 740 697 776 12.
739 729 786 773 B.
802 727 1038 772 THOMAS.
1106 721 1214 766 Plus
1248 719 1360 764 boni
1396 718 1629 771 continet,
1686 734 1822 778 quam
1849 717 1972 764 vasta
2002 718 2352 777 compilatorum

300 797 552 842 volumina.
623 796 746 851 Saepe
770 790 1111 835 Vr-:stmoium
1134 795 1293 829 contra
1312 782 1600 829 monimum
1629 793 1802 827 tuetur.
1871 779 2182 827 Anastomoses
2214 796 2354 826 mam-

300 859 549 906 mariorum
578 854 813 905 vasorum,
848 850 1088 908 utriusque
1114 847 1306 907 generis,
1337 860 1439 891 cum
1466 843 1753 904 epigastricis‚
1781 846 1822 890 &
1846 844 1988 898 vidit,
2024 847 2066 890 ἃ
2091 847 2140 890 in
2151 845 2355 891 laetanti-

302 923 391 969 bus
413 921 539 968 addit
563 936 612 965 ea
640 916 743 964 vasa
773 916 919 962 multo
946 911 1026 958 effe
1055 911 1290 969 ampliora.
1361 910 1490 967 Aqua
1527 923 1603 966 per
1648 907 1918 952 umbilicum
1954 904 2107 954 effusa.
2177 910 2353 955 Omen-

301 997 403 1033 tum
426 985 532 1031 lobo
557 980 731 1042 hepatis
766 977 1008 1024 adhaerere.
1074 972 1343 1022 Mesocoion
1363 971 1419 1017 ab
1453 985 1641 1016 omento
1677 968 1905 1016 diversum
1937 969 2043 1024 effe,
2080 988 2190 1031 quas
2217 988 2355 1017 mem..

299 1047 463 1097 'branas
477 1058 571 1094 tota
582 1043 826 1104 antiquitas
839 1038 1120 1087 confuderat.
1167 1035 1283 1083 Vasa
1297 1035 1452 1081 brevia
1467 1035 1516 1080 in
1530 1034 1838 1080 ventriculum
1849 1045 1984 1093 negat
2002 1036 2176 1093 aperiri.
2235 1034 2355 1082 Vasa

301 1112 546 1173 sanguinea
558 1109 728 1168 ubique
744 1102 937 1152 studiose
951 1101 1173 1149 describit.
1232 1103 1270 1146 A
1297 1100 1435 1145 duem
1450 1098 1737 1145 Pancreatico
1759 1098 1931 1143 canales
1950 1097 2059 1143 oriri
2073 1099 2120 1142 in
2135 1096 2272 1157 hepar
2286 1101 2355 1145 in.

301 1176 441 1225 sertos
459 1209 472 1229 ‚
504 1189 582 1235 per
611 1188 687 1218 eos
715 1168 902 1229 chylum
931 1166 1070 1213 duem
1090 1163 1343 1211 resorbtum
1372 1161 1427 1208 ad
1450 1161 1588 1222 hepar
1610 1163 1793 1212 venire,
1833 1162 1875 1207 &
1897 1177 1999 1206 eum
2024 1161 2212 1207 ducium
2241 1162 2353 1210 ostio

301 1251 639 1297 nonnunquam
665 1234 836 1294 duplici
861 1233 908 1278 in
928 1230 1192 1277 duodenum
1217 1226 1483 1273 intestinum
1502 1238 1665 1285 patere.
1732 1225 1929 1271 Ramum
1948 1223 2272 1271 amesenterica
2290 1244 2357 1272 ar..

301 1304 412 1351 teria
424 1302 478 1349 ad
491 1301 629 1361 hepar
650 1309 835 1345 euntem
863 1295 993 1342 vidit.
1059 1293 1316 1341 Maximum
1341 1289 1509 1350 hepar:
1549 1290 1594 1335 N
1599 1305 1660 1334 on
1686 1289 1800 1335 bene
1825 1289 1971 1349 rejicit
1988 1290 2201 1335 valvulas·
2218 1293 2358 1337 cervi-

304 1368 367 1415 cis
392 1363 596 1412 vesiculae
622 1361 777 1410 felleae.
844 1360 1029 1419 Duplex
1060 1358 1164 1403 lien.
1233 1356 1387 1402 Nullae
1425 1355 1474 1400 in
1502 1354 1631 1399 venis
1667 1353 1721 1398 ad
1756 1364 1906 1413 portas
1931 1354 2138 1399 valvulae.
2206 1354 2356 1402 Renes

302 1430 353 1478 in
381 1429 536 1476 adulto
560 1421 825 1490 glandulofi.
893 1420 1010 1469 Vasa
1043 1419 1326 1481 capsularum
1354 1419 1575 1465 renalium
1608 1418 1658 1462 in
1690 1433 1832 1477 puero
1861 1417 2100 1476 majorum.
2170 1417 2357 1478 Septuma

301 1492 451 1542 scroti.
519 1491 704 1539 Cavitas
731 1503 894 1535 renum
922 1484 1378 1533 succenturiatorum.
1448 1483 1540 1527 Cor
1563 1483 1613 1527 in
1636 1479 1796 1541 systole
1820 1480 2004 1527 brevius
2030 1480 2170 1527 reddi.
2239 1484 2360 1530 Duae

304 1569 385 1605 aut
414 1569 504 1604 tres
528 1555 702 1603 arteriae
731 1550 1031 1599 bronchiales.
1100 1545 1400 1608 Mylogloffus
1430 1544 1674 1592 musculus.
1745 1546 1942 1592 Nullum
1965 1561 2159 1591 nervum
2185 1546 2240 1591 ad
2261 1559 2359 1594 ten-

305 1620 457 1667 dinem
485 1620 564 1666 ire.
635 1618 849 1665 Canalem
880 1631 906 1661 a
937 1614 1060 1661 tubis
1099 1613 1148 1658 in
1173 1613 1290 1658 uteri
1328 1611 1545 1657 cervicem
1579 1622 1765 1655 euntem
1792 1611 1911 1655 reete
1942 1609 2164 1669 repudiat.
2243 1612 2358 1658 Ura..

305 1684 442 1731 chum
469 1682 550 1730 effe
577 1683 887 1744 ligamentum.
965 1678 1117 1738 Negat
1130 1675 1218 1721 offa
1242 1675 1373 1735 pubis
1391 1674 1440 1720 in
1462 1686 1595 1734 partu
1611 1671 1846 1719 discedere.
1917 1673 1987 1718 De
2016 1671 2135 1719 fetus
2158 1673 2216 1720 ab
2233 1675 2362 1722 adul-

304 1760 352 1795 to
379 1747 567 1797 homine
595 1743 866 1793 discrimine.
934 1742 1026 1788 Cor
1054 1741 1304 1786 maximum
1329 1738 1462 1790 vidit,
1491 1750 1545 1784 ut
1571 1750 1721 1783 totum
1736 1736 1966 1783 thoracem
1989 1739 2191 1797 repleret.
2261 1740 2361 1785 Cir.

305 1814 477 1859 cuitum
495 1809 726 1873 sanguinis
741 1808 964 1854 minorem
990 1803 1211 1851 describit.
1284 1804 1466 1863 Septum
1492 1801 1640 1847 cordis
1665 1799 1958 1861 perforatum,
1990 1799 2065 1846 sed
2084 1817 2186 1848 raro
2212 1819 2360 1849 exem.

303 1877 395 1937 plo·
462 1875 705 1922 Foramina
737 1869 906 1918 venosa
937 1869 1102 1922 cranii,
1140 1866 1248 1915 satis
1282 1869 1424 1928 plene.
1511 1866 1689 1911 Duram
1721 1878 1910 1912 matrem
1950 1864 2154 1926 undique
2186 1867 2240 1913 ad
2269 1884 2362 1913 cra.

305 1940 434 1985 nium
457 1937 697 1985 adhaerere.
781 1934 1075 1981 Ventriculos
1112 1932 1281 1979 cerebri
1320 1929 1568 1976 anteriores
1608 1930 1657 1978 in
1692 1931 1879 1975 tertium
1909 1930 2086 1988 aperiri,
2173 1931 2360 1976 Cornua

307 2018 465 2048 corum
487 2001 849 2049 ventriculorum
866 1996 1194 2044 descendentia.
1263 1994 1398 2056 Apud
1413 1993 2032 2054 BARTHOLINUminjecstum
2047 1993 2268 2053 liquorem
2284 1994 2363 2041 do-

307 2078 378 2113 cet
404 2082 458 2113 ex
486 2067 661 2115 arteriis
684 2066 735 2114 in
753 2078 891 2111 venas
911 2059 1109 2109 tranfire.

619 2199 666 2259 S.
701 2200 1066 2250 CCCCXIV.
1133 2199 1380 2261 Augustinus
1415 2195 1466 2243 de
1499 2196 1830 2243 LAURENno.
1897 2193 2009 2245 Alii.

437 2299 768 2347 AUGUSTmUS
805 2300 907 2351 ille,
943 2296 1294 2344 Panormitanus
1326 2294 1535 2342 Medicus
1554 2327 1571 2346 ,
1607 2291 1957 2353 disceptationum
1986 2289 2250 2338 medic-arum
2276 2296 2362 2341 De.

306 2362 453 2412 cadem
474 2365 509 2410 Ι.
540 2364 683 2410 edidit
715 2362 930 2410 Panormi
960 2367 1044 2419 165
1054 2373 1094 2408 2.
1113 2362 1204 2418 4⁹⁶.
1271 2359 1421 2405 Prima
1447 2358 1508 2404 est
1533 2358 1587 2403 de
1611 2355 1735 2402 alitia
1759 2372 1873 2402 num
1902 2353 1955 2401 sit
1975 2353 2206 2415 possibilis,
2230 2358 2365 2405 tertia

307 2429 363 2473 de
393 2426 734 2473 sternutatione.
820 2426 1015 2488 Juvenis
1050 2441 1145 2470 non
1174 2423 1341 2482 absque
1368 2423 1580 2484 ingenio,
1608 2436 1769 2466 verum
1793 2419 1950 2479 quiex
1977 2417 2114 2465 seculi
2149 2417 2217 2466 sui
2248 2422 2365 2467 vitio

305 2490 677 2552 persuaderetur,
714 2489 820 2536 satis
855 2487 1030 2535 evicisse
1050 2486 1224 2535 causam
1253 2486 1405 2537 suam.
1442 2486 1475 2534 fi
1507 2484 1822 2532 audioritatem
1851 2483 2116 2530 Graecorum
2149 2485 2366 2536 authra-

308 2556 420 2601 bum
447 2552 585 2615 poffet
612 2553 829 2614 adlegare.
911 2551 1062 2599 Asitiae
1103 2552 1361 2611 exemplum
1393 2550 1627 2611 proprium
1658 2547 1821 2600 habet,
1873 2563 2021 2606 neque
2047 2544 2362 2607 impoffibilem

308 2617 391 2665 effe
414 2616 730 2678 persuadetur,
764 2628 819 2662 ut
843 2627 994 2662 tamen
1022 2633 1071 2662 ea
1091 2615 1361 2661 abstinentia
1381 2615 1501 2661 vires
1516 2612 1710 2672 frangat.
1780 2612 2167 2658 Sternutationem
2191 2611 2365 2670 ubique

307 2680 505 2791 prodege
525 2692 677 2742 negat.
746 2681 881 2740 Signa
911 2677 1115 2726 hominis
1144 2679 1274 2740 aquis
1305 2674 1515 2726 suffocati
1534 2712 1547 2731 ,
1584 2692 1610 2723 a
1639 2675 1905 2735 strangulati
1933 2671 2071 2734 fignis
2092 2686 2197 2720 ante
2221 2690 2366 2736 nupe-

306 2762 383 2793 ros
403 2746 448 2792 di
489 2745 654 2806 inguit.
686 2785 692 2791 .

435 2825 693 2873 Alexander
714 2825 841 2872 ROSS
867 2841 1028 2870 arcuna
1054 2823 1316 2882 microcosmi
1340 2839 1393 2868 or
1415 2819 1483 2867 the
1502 2819 1746 2879 hidsbcrets
1767 2817 1821 2879 of
1833 2818 1988 2864 man‘s
2011 2817 2120 2878 body
2141 2818 2368 2877 discoverd

311 2897 355 2939 in
380 2909 437 2939 cm
463 2889 725 2937 anatomical
747 2888 850 2934 duel
876 2887 1057 2934 between
1094 2888 1294 2949 Arzstotle
1318 2885 1409 2931 and
1437 2885 1570 2934 Galen
1603 2920 1614 2931 .
1648 2919 1658 2930 .
1695 2918 1707 2929 .
1745 2917 1757 2928 .
1791 2899 1819 2928 a
1854 2882 2091 2945 refittation
2114 2883 2167 2943 of
2186 2881 2365 2929 Thomas

2122 2947 2365 2998 Baown⁷s

364 3017 434 3062 (ἢ)
461 3015 576 3056 Lm.
605 3016 701 3055 hebd
721 3014 819 3064 βίη.
852 3027 888 3065 Ρ.
911 3026 959 3065 73

371 3071 433 3122 fik)
467 3067 668 3112 Dedicatio
696 3069 749 3110 est
773 3069 854 3118 ejus
882 3067 991 3114 anni,
