2556 3442
630 112 808 178 §5718
840 142 903 151 «-
933 126 1044 177 721.
1111 114 1156 179 J.
1191 130 1237 163 v.
1272 115 1567 187 HOUORN.
1636 118 1868 170 VARII.
2163 126 2261 183 767

183 243 290 308 fo'dt
321 245 417 300 ebler
442 245 653 309 lefwande
676 251 699 294 ’Ξ
735 245 841 309 dags
875 244 999 306 liusbt
1039 242 1220 293 kommet
1268 244 1535 293 Stockholm
1557 255 1691 308 1718.
1726 246 1806 304 8.*
1871 248 2055 298 Dubius
2091 248 2166 297 hic
2195 249 2258 296 eil:

193 312 470 365 HORN1U85
523 312 702 359 viderat
735 311 918 372 quidem
958 318 1299 370 nonnunquam
1322 310 1472 356 vitalis
1499 309 1617 358 fetus
1644 315 1909 372 pulmonem
1944 316 2086 376 mergi
2110 349 2124 369 ,
2160 330 2259 362 non

194 386 348 422 tamen
380 388 530 423 cettus
555 385 648 423 erat
671 378 936 436 pulmonem
964 391 1061 421 non
1085 375 1275 421 vitalem
1294 384 1419 420 certo
1451 375 1493 419 &
1515 372 1686 434 semper
1713 376 1909 425 fundum
1943 392 2107 440 petere.

323 458 398 518 EJ.
438 462 526 504 Det
553 456 697 514 andra
717 456 822 516 bref
844 454 1036 501 wharuti
1073 454 1145 500 det
1170 459 1236 501 uti
1254 455 1390 517 fo'rra
1425 455 1610 515 Brefwet
1639 458 1875 517 ocefggibrdet
1902 461 2099 522 twifwels
2130 461 2260 507 mille&

197 537 264 571 om
288 527 540 583 corruption
557 520 642 566 kun
667 519 834 565 ksaenma
850 530 911 564 ett
938 517 1092 578 defodt
1119 517 1249 565 barus
1282 520 1413 580 lunga
1444 530 1493 564 at
1507 519 1644 582 fly‘tta
1675 521 1830 567 aldeles
1849 523 2060 585 fo'rkqsias
2101 526 2261 572 Stock-

197 585 326 635 holm
355 597 490 644 1720.
517 586 592 638 8.*
656 584 740 629 Per
770 583 1081 643 experimenta
1119 598 1246 629 nunc
1281 583 1335 629 de
1362 583 1490 629 omni
1521 583 1662 629 dubio
1692 582 1735 629 se
1768 588 2008 644 expedivit.
2077 591 2259 636 Pulmo-

197 666 278 697 nes
308 647 539 696 infantum
557 681 570 701 ,
608 647 688 707 qui
712 663 950 706 nunquam
974 646 1211 700 vixerant,
1249 648 1482 707 putredini
1502 646 1735 708 exposuit,
1773 651 1811 694 ὅ(
1833 666 2067 710 nunquam
2093 653 2259 714 reperit

196 712 376 760 natasse.
446 714 603 768 Qare
631 709 818 764 definit,
856 711 1141 757 natationem
1166 713 1340 758 rectum
1367 712 1591 758 indicium
1618 711 1699 758 effe
1719 709 1840 759 fetus
1862 714 1957 759 vivi
1981 715 2103 761 editi.
2172 718 2261 763 Ex..

196 779 358 839 plicat,
392 793 472 823 cur
495 774 638 821 horno
653 776 788 822 vivus
815 775 863 821 in
881 792 996 836 aqua
1017 787 1158 828 natet,
1184 788 1393 823 mortuus
1409 774 1648 830 subsideat,
1681 776 1869 824 cadaver
1886 794 1994 824 vero
2018 779 2068 823 in
2090 797 2255 839 aquam

194 841 446 902 projectum
466 839 618 886 denuo
640 852 817 886 enatet:
854 841 909 885 ab
935 855 1052 900 aqua
1067 856 1228 899 nempe
1244 840 1465 901 deglutita
1482 842 1525 886 &
1545 857 1709 901 corpus
1737 842 1940 902 replente
1968 843 2072 888 viva
2100 859 2259 903 corpo-

195 920 246 952 ra
270 903 494 951 subsidere
510 939 522 957 ,
559 921 582 950 a
604 905 844 964 putredine
868 921 976 950 vero
1007 915 1187 950 enatare
1204 938 1215 956 ,
1254 921 1356 964 quae
1388 921 1552 966 aquam
1578 906 1784 966 expellat.
1850 907 2096 955 Mortuum
2114 905 2262 954 homi-

193 984 302 1016 nem
328 982 512 1023 natare,
547 969 672 1030 quod
705 985 867 1029 aquam
899 984 996 1014 non
1022 967 1258 1029 deglutiat

681 1102 718 1151 §.
757 1097 1043 1144 DCCXX.
1143 1100 1195 1152 J.
1228 1095 1367 1152 Jacob
1401 1098 1761 1147 SCHEUCHZER.

326 1198 375 1249 J.
394 1199 492 1250 Jac.
517 1196 861 1243 SCHEUCHZER
900 1193 982 1241 sub
1010 1198 1058 1249 J.
1088 1192 1379 1256 Christophoro
1411 1196 1592 1242 STURM
1621 1195 1869 1258 disputavit
1900 1197 1953 1244 de
1969 1196 2180 1261 preshytis
2206 1195 2265 1257 ἓξ

196 1259 403 1320 myopibus
436 1258 631 1306 Altdorf.
658 1256 889 1318 1693.4.*
953 1258 1204 1305 Historiam
1231 1259 1540 1320 presbyopum
1573 1278 1627 1306 ex
1653 1263 1856 1323 antiquis
1886 1261 2039 1310 habet.

323 1341 379 1386 In
416 1342 505 1390 Vol.
525 1342 606 1388 IV.
645 1343 870 1389 Anatome
897 1342 1026 1388 melis
1057 1343 1098 1388 &
1128 1341 1355 1403 glandula:
1379 1342 1435 1388 ad
1462 1359 1616 1390 anum.

330 1423 406 1484 EJ.
445 1422 612 1470 Surdus
635 1424 807 1484 loquens
841 1424 1035 1485 Traject.
1057 1430 1192 1483 1694.
1219 1422 1304 1484 4*
1370 1425 1424 1472 Se
1448 1424 1627 1480 vidiffe‚
1665 1427 1744 1487 qui
1769 1426 1946 1477 audiret
1971 1443 2106 1478 voces
2130 1425 2265 1494 super

142 1504 168 1511 ··
198 1483 333 1534 suum
362 1488 579 1534 verticem
611 1488 823 1549 prolatas.

327 1571 403 1631 EJ.
442 1570 623 1632 Epistola
646 1569 707 1616 ad
726 1573 775 1624 J.
797 1573 867 1617 Fr.
890 1569 1133 1621 LEOPOLD
1158 1546 1216 1617 vde
1240 1588 1369 1619 cerva
1397 1584 1581 1620 cornuta
1607 1571 1732 1622 Bafil.
1761 1586 1898 1634 1700.
1920 1587 1967 1635 4.

327 1653 404 1714 EJ.
441 1656 583 1699 Homo
611 1651 772 1697 diluvii
796 1652 901 1713 testis
926 1650 985 1708 ἓξ
1011 1649 1226 1700 θεοσκοπος
1258 1655 1424 1715 Tiguri
1443 1661 1578 1715 1726.
1602 1668 1647 1715 4.
1717 1657 1924 1705 Sceleton
1949 1657 2197 1707 humanam
2214 1658 2267 1708 in

196 1715 344 1777 lapide
372 1715 510 1763 foffili
535 1714 777 1776 expressam
804 1715 1028 1772 recenset,
1064 1719 1106 1765 &
1139 1718 1362 1768 ostendit,
1395 1737 1474 1780 per
1502 1719 1582 1767 sua
1607 1718 1755 1782 signa,
1795 1720 1997 1771 hominis
2030 1723 2126 1772 effe.
2192 1725 2266 1772 De

199 1782 360 1828 eodem
390 1782 440 1827 in
469 1779 578 1828 Phil.
612 1780 765 1840 Trans
791 1796 835 1826 n.
857 1792 962 1836 392.
1030 1783 1193 1843 Nuper
1214 1783 1453 1831 dubitatur
1477 1801 1592 1831 num
1615 1783 1754 1832 fuerit
1773 1784 1989 1836 hominis.

327 1863 463 1910 IDEM
494 1864 545 1908 in
570 1859 745 1922 Physica
759 1860 889 1921 fitcra
917 1861 1072 1924 paffim
1102 1865 1359 1913 anatomica
1384 1865 1623 1921 admiscet,
1665 1880 1721 1916 ut
1751 1869 1926 1924 cordis,
1963 1870 2111 1925 auri-S,
2143 1870 2268 1921 oculi

199 1937 444 1974 anatomen
466 1928 508 1973 &
534 1925 879 1988 physiologiam.
950 1928 1250 1977 Intercedunt
1279 1932 1429 1991 aliqua
1449 1933 1647 1993 propria.

329 2009 385 2056 In
410 2007 521 2056 Phil.
554 2007 706 2068 Transi
735 2025 780 2055 n.
806 2020 914 2067 395.
963 2011 1208 2058 Marmotae
1246 2013 1323 2061 dat
1351 2025 1627 2061 anatomen:
1682 2033 1851 2064 caecum
1875 2017 2140 2066 intestinum
2169 2032 2269 2079 per-

202 2075 438 2135 amplum,
474 2074 659 2120 valvula
684 2074 885 2120 anulatis
915 2074 1203 2123 retroceffum
1230 2075 1454 2125 sustinens
1471 2097 1486 2132 3
1522 2082 1718 2128 valvulae
1749 2084 2064 2131 conniventes.
2131 2084 2270 2144 Myo-

202 2139 323 2200 logia
343 2138 578 2191 animalis,
615 2150 716 2185 tum
743 2139 794 2184 in
819 2138 1090 2187 BUCH-NERI
1121 2140 1231 2200 misc.
1264 2149 1399 2201 1728.

333 2220 388 2279 In
417 2218 548 2277 Bresl.
571 2220 745 2266 Samml.
779 2226 912 2278 1726·
945 2221 1045 2268 P.1.
1071 2240 1113 2283 p.
1130 2235 1237 2281 203.
1288 2226 1474 2287 Larynx
1509 2226 1709 2287 colymbi
1756 2227 2052 2285 describitur,
2103 2231 2146 2278 &
2175 2231 2268 2279 vale

202 2285 309 2332 Vula
330 2285 493 2344 palati,
530 2300 631 2343 quae
656 2283 973 2345 retrogreffum
1002 2287 1207 2347 impedit.

334 2383 378 2428 p.
399 2372 504 2424 585.
540 2363 748 2412 Veficula
774 2363 905 2414 fellea
932 2368 983 2414 in
1008 2368 1127 2416 bove
1153 2369 1336 2432 duplex.

332 2448 430 2494 Λᾶ.
459 2451 573 2495 Nat.
612 2451 711 2495 Cur.
746 2449 833 2498 Vol.
852 2449 934 2498 III.
963 2449 1045 2510 obsi
1063 2464 1141 2511 41.
1181 2453 1236 2499 de
1258 2453 1413 2502 inedia
1440 2455 1689 2510 Krazeriae,
1727 2457 1955 2506 credulus.

344 2527 437 2588 Obfi
457 2541 536 2589 43.
570 2531 707 2603 Melis
731 2543 939 2579 anatome
957 2565 972 2586 ,
1013 2534 1149 2581 etiam
1176 2535 1402 2591 musculi,
1441 2538 1483 2588 &
1512 2535 1663 2586 saccus
1690 2539 1995 2603 unguinosus.

693 2657 737 2715 δ.
773 2659 1093 2709 DCCXXI.
1185 2664 1427 2712 Bernardm
1467 2627 1791 2716 OJCONNOR.

334 2755 405 2803 Ita
429 2766 622 2803 vocatur
647 2756 697 2803 in
726 2757 920 2811 Journal
946 2757 1018 2805 des
1041 2762 1210 2807 Savans
1246 2769 1381 2819 1693.
1418 2764 1500 2810 ubi
1526 2762 1725 2813 sceleton
1752 2764 2000 2814 deformem
2021 2764 2232 2816 describit
2249 2801 2264 2823 0

208 2819 250 2866 δε
278 2822 606 2880 ancyloticam,
644 2822 775 2883 cujus
798 2823 952 2870 omnia
973 2822 1061 2870 offa
1087 2823 1453 2874 conferbuerant.

337 2902 462 2952 Inter
489 2889 818 2951 differtationes
843 2905 1018 2953 medico
1032 2938 1048 2945 -
1067 2905 1270 2968 physicas
1289 2909 1444 2957 eadem
1459 2910 1714 2960 observatio
1733 2913 1984 2960 accuratior
2003 2914 2135 2969 redit,
2164 2932 2270 2964 cum

208 2965 346 3013 titulo
373 2964 424 3012 de
441 2969 646 3030 stupendo
672 2970 816 3028 quium
846 2972 1005 3019 coalitu
1035 2973 1196 3020 Oxon.
1214 2980 1330 3033 1695
1339 2980 1408 3029 .8.
1448 2986 1548 3024 tum
1573 2978 1623 3025 in
1647 2975 1757 3025 Phil.
1780 2978 1936 3038 Trans.
1957 2991 2125 3041 n.215.
2193 3044 2228 3091 E

2230 3057 2271 3104 J,
