2556 3442
676 162 714 214 ς.
745 160 1029 220 43ς.486.“
1060 159 1102 222 J.
1149 154 1738 211 SW'AMMERDAM.
1783 155 1786 158 ’
2149 171 2237 222 543

172 273 415 325 describit:
453 287 664 325 venerem
686 290 853 325 ¹tamen
877 291 1116 337 nunquam
1139 275 1271 323 vidit.
1341 276 1585 336 Operarias
1615 295 1717 337 apes
1746 278 1909 326 habere
1945 277 2147 327 scrobem
2189 278 2240 326 in

158 358 362 388 crurum
387 343 575 391 arti-culo
605 343 795 404 quint0,
834 359 934 402 quae
956 357 1104 401 neque
1122 342 1173 387 in
1200 338 1402 387 maribus
1431 337 1485 386 sit
1503 374 1514 392 ‚
1540 357 1699 400 <neque
1717 344 1764 390 in
1783 342 1963 390 femina.
2034 342 2237 401 Qiando

176 404 347 453 femina
373 407 532 454 sterilis
556 407 641 461 est,
658 423 820 464 ⁷mares
846 407 896 452 in
921 408 1115 451 multam
1139 403 1335 457 hiemem
1356 405 1442 457 ali,
1479 406 1522 450 &
1548 403 1815 451 conservari.
1885 409 2088 454 Primum
2117 409 2243 453 labo-

176 487 279 517 rem
308 473 420 518 novi
450 473 668 518 examinis
696 469 776 515 effe
808 471 990 515 cellulas
1016 468 1176 528 regia&
1266 469 1407 515 Oculi
1429 467 1616 515 historia
1641 466 1938 518 subtiliffima.
1956 475 1996 518 &
2029 470 2241 518 difficilli-

175 551 252 581 ma
267 556 285 589 5
319 538 358 583 &
392 537 521 582 nervi
551 535 692 595 optici
714 533 769 578 ad
792 549 1023 593 quamque
1040 530 1384 593 hemisphaeram
1402 533 1583 592 propria
1608 549 1823 593 propago.
1893 533 2028 581 Visus
2045 534 2097 581 fit
2115 534 2239 582 fibris

176 601 535 660 pyramidalibus
560 615 584 644 a
606 597 745 644 radiis
764 597 877 650 lucis
896 594 1122 656 percuffis.
1190 598 1452 644 Numerum
1478 614 1614 658 apum
1638 597 1756 643 iniit.
1828 596 2007 644 Fistulae
2031 606 2168 647 aereae
2189 599 2242 648 iu

172 679 300 712 mare
324 666 462 726 magis
494 659 698 723 expansae
724 677 864 721 quam
894 663 944 708 in
974 658 1172 716 femina,
1204 663 1246 709 &
1277 662 1436 710 dentes
1465 662 1774 723 operariarum
1796 662 2004 723 majores.

303 749 527 800 Anatome
555 744 800 805 papilionis
839 744 1009 792 diurni.

307 830 532 876 Anatome
570 843 715 873 erucae
755 829 796 874 ὃς
830 844 886 873 ex
921 825 1171 886 chrysalide
1207 828 1382 875 evoluti
1412 828 1670 889 papilionis.
1758 827 1935 875 Tubuli
1961 828 2243 888 pulmonales

111 948 116 951 ¹
177 890 405 942 crassiores
431 893 483 938 in
508 890 786 952 chrysalide,
822 893 872 939 in
898 892 1128 952 papilione
1159 893 1390 939 tenuiores
1408 927 1419 946 ‚
1457 894 1559 953 plus
1590 905 1745 940 tamen
1770 893 1884 940 aeris
1909 893 2159 952 recipiunt.

305 976 533 1022 Anatome
564 972 727 1022 muscae
757 973 878 1028 asili,
918 991 1022 1020 cum
1048 972 1210 1034 asperae
1241 978 1415 1022 arteriae
1447 976 1584 1022 ramis
1613 976 1668 1022 ad
1707 977 1863 1022 onmia
1898 974 2067 1022 viscera
2104 974 2249 1020 distri-

141 1082 143 1084 .
170 1037 310 1104 butis.
379 1042 505 1086 Dum
528 1040 579 1086 in
595 1036 795 1086 muscam
827 1038 937 1093 abit,
968 1039 1137 1086 animal
1157 1039 1342 1088 brevius
1364 1038 1445 1094 fit,
1485 1041 1529 1086 &
1556 1057 1766 1102 magnam
1787 1052 1960 1103 partem
1981 1038 2053 1088 sui
2067 1036 2246 1091 deserit,

170 1111 273 1151 ae're
299 1105 496 1166 plenam.

303 1188 532 1236 Anatome
555 1187 687 1234 aceri„

303 1271 430 1318 Tum
457 1268 620 1317 muscae
653 1268 1013 1324 ichneumones,
1045 1285 1147 1331 quae
1171 1270 1222 1317 in
1245 1271 1384 1332 gallas
1413 1268 1493 1318 sua
1523 1286 1610 1317 ova
1642 1270 1895 1331 deponunt.

303 1354 478 1400 Iterum
511 1354 679 1400 eximia
713 1352 900 1400 historia
929 1370 1158 1400 ranarum.
1229 1353 1383 1401 Testes
1403 1370 1616 1400 ranarum
1634 1389 1645 1407 ,
1684 1354 1847 1400 ductus
1873 1369 2033 1412 nempe
2059 1349 2250 1399 semina-

173 1419 239 1467 les
264 1430 592 1478 convergentes
614 1419 663 1463 in
690 1431 900 1464 centrum
924 1418 1063 1464 testis.
1133 1418 1427 1480 JACOBAEUM
1459 1420 1575 1464 male
1598 1418 1756 1465 tubam
1791 1421 1913 1464 recto
1944 1417 2159 1463 intestino
2180 1419 2251 1463 in-

174 1482 335 1532 serere.
405 1484 512 1529 Ova
538 1484 588 1528 in
612 1482 860 1529 abdomine
880 1502 893 1535 3
931 1484 1069 1536 tuba,
1108 1484 1277 1530 ovaria.
1347 1484 1401 1529 In
1437 1484 1599 1530 iisdem
1635 1482 1907 1529 animalibus
1942 1482 2254 1542 experimenta

170 1547 291 1609 ,facta
315 1548 366 1593 in
399 1545 614 1593 musculis
642 1547 696 1593 de
726 1564 914 1607 corpore
937 1545 1168 1608 separatis,
1206 1564 1405 1607 quorum
1440 1564 1635 1594 nervum
1670 1550 1766 1595 Sw.
1803 1547 2025 1599 irritavit,
2070 1559 2253 1593 contra÷

175 1614 377 1660 &ionem
407 1609 664 1671 speculatus
693 1612 781 1666 est,
819 1610 1074 1658 musculum
1101 1614 1152 1658 in
1172 1613 1348 1673 agendo
1368 1615 1593 1659 minorem
1611 1611 1712 1659 fieri
1737 1613 1934 1673 reperit3
1972 1627 2131 1657 verum
2154 1627 2252 1657 cor-

173 1679 231 1725 de
261 1676 337 1724 hic
368 1674 476 1723 usus
502 1676 589 1729 est,
627 1678 758 1723 aliter
787 1694 836 1723 ac
863 1677 1028 1737 reliqui
1052 1675 1253 1724 musculi
1277 1675 1396 1723 facto
1417 1678 1601 1724 &intus
1625 1693 1753 1724 cavo.
1814 1679 1927 1722 Non
1950 1692 2111 1722 verum
2138 1673 2247 1729 else,

173 1743 338 1791 arteria
365 1741 504 1802 ligata
530 1754 709 1788 motum
741 1740 936 1788 musculi
956 1741 1109 1788 deleri.
1181 1742 1390 1788 Omnem
1406 1741 1457 1788 in
1479 1742 1674 1789 animale
1693 1741 1747 1788 ab
1776 1742 1929 1787 anima
1953 1753 2130 1787 motum
2151 1738 2249 1788 effe.

301 1827 533 1872 Anatome
555 1821 718 1884 sepiae:
754 1820 839 1871 ubi
862 1835 967 1871 ante
990 1825 1366 1872 NEEDHAMIUM
1394 1824 1630 1885 juniorem
1666 1825 1859 1886 paxillos
1891 1823 2008 1870 dixit
2028 1859 2040 1878 ,
2089 1824 2168 1885 qui
2201 1823 2252 1870 in

173 1897 292 1952 aqua
312 1887 356 1936 se
381 1889 620 1939 evolvunt,
648 1891 691 1936 δε
711 1889 942 1936 materiem
962 1889 1177 1936 lumbrici
1200 1887 1392 1936 similem
1418 1902 1656 1936 evomunt.

303 1970 547 2034 Ephemeri
571 1974 614 2020 δι
640 1973 844 2020 Cant-:elli
865 1970 1055 2020 historia
1076 1970 1169 2020 sola
1199 1973 1372 2020 Gallice
1395 1972 1624 2034 prodierat
1656 1973 1779 2020 Paris
1808 1979 1943 2027 1682.
1982 1979 2026 2027 8.
2062 1973 2188 2020 BUR.

309 2057 368 2104 In
389 2054 547 2116 Philas.
580 2054 733 2114 Tranfi
774 2072 820 2102 n.
839 2067 918 2115 94.
953 2066 1088 2118 negat
1116 2072 1247 2104 ranas
1282 2054 1450 2104 habere
1490 2057 1674 2103 arterias
1712 2057 2013 2116 pulmonales.
2105 2053 2159 2101 Id
2190 2054 2256 2100 ita

176 2119 395 2182 accipias,
441 2132 497 2168 ut
531 2122 706 2167 nullam
734 2137 791 2166 ex
821 2120 955 2167 corde
998 2121 1209 2167 arteriam
1239 2120 1464 2175 habeant,
1508 2138 1613 2167 nam
1646 2120 1819 2168 habent
1857 2139 1912 2167 ex
1937 2119 2098 2167 arteria
2127 2132 2254 2165 aorta

175 2183 509 2233 evidentiffime
529 2197 673 2232 natas.
722 2184 1006 2234 'resticulum
1027 2183 1241 2233 scarabaei
1268 2184 1515 2234 naficornis
1543 2187 1744 2240 evolvit,
1776 2184 1910 2233 filum
1942 2184 2148 2232 obtinuit
2181 2195 2253 2240 30.

177 2252 420 2299 unciarum
449 2251 754 2312 longitudine.

311 2330 566 2379 Proceffum
596 2333 836 2393 peritonaei
873 2334 896 2389 ζ
913 2330 1216 2389 cellulosum)
1251 2350 1349 2381 non
1381 2333 1560 2395 ingredi
1593 2350 1732 2381 venas
1763 2332 2040 2393 arteriaeque
2065 2330 2255 2394 sperma«

180 2399 310 2452 ficas,
341 2395 494 2443 noster
517 2397 699 2444 invenit
723 2397 845 2458 apud
873 2400 1041 2459 ,Iustum
1074 2399 1353 2446 SCHRADER
1378 2402 1484 2446 Dec.
1506 2399 1564 2445 II.
1592 2398 1676 2458 ohfi

312 2480 447 2527 IDEM
478 2479 528 2526 in
554 2477 708 2539 Philofi
740 2481 894 2541 Trans
913 2497 960 2527 n.
980 2491 1083 2529 112.
1114 2493 1305 2542 ruptum
1337 2479 1658 2528 mesenterium
1690 2480 1824 2535 dixit,
1860 2496 1965 2528 cum
1988 2479 2257 2527 intestinum

181 2541 294 2594 flatu
312 2556 517 2606 turgeret
539 2546 579 2590 &
607 2542 810 2592 faecibus.

311 2627 448 2689 Apud
474 2628 542 2674 Cl.
559 2627 722 2675 BIRCH
750 2639 1064 2675 memorantur
1094 2627 1176 2686 (i)
1215 2629 1379 2688 aliquae
1400 2641 1549 2690 partes
1574 2629 1779 2690 corporis
1809 2628 2017 2675 animalis
2043 2624 2254 2673 artificio-

180 2690 227 2739 se
243 2690 435 2746 siccatae,
474 2708 584 2753 quas
598 2695 1071 2741 SWAMMERDAMIUS
1087 2692 1303 2740 Societati
1315 2693 1470 2756 Regiae
1495 2693 1667 2741 obtulit
1687 2712 1698 2741 ε
1735 2694 1856 2740 inter
1875 2710 1946 2741 eas
1960 2709 2036 2741 vas
2052 2688 2255 2752 lympha-

183 2757 333 2805 ticum
362 2757 417 2805 de
444 2758 624 2820 gallinae
650 2757 895 2805 abdomine
920 2756 1138 2805 sumtum.

775 2866 821 2925 ἕ.
862 2867 1397 2918 CCCCLXXXVI.
1507 2873 1644 2919 Varii.

317 2970 542 3015 Honorati
565 2968 724 3016 FABRI
760 2971 837 3015 Tr.
865 2967 948 3014 duo
980 2985 1162 3030 quorum
1182 2970 1344 3031 primus
1369 2966 1421 3012 de
1446 2969 1606 3028 planta}
1636 2967 1695 3024 ἓξ
1721 2967 1772 3014 de
1789 2968 2064 3027 generatione
2089 2967 2254 3010 anima-

184 3030 319 3085 lium,
343 3034 554 3094 posterior
581 3033 634 3079 de
652 3031 818 3080 homine
855 3031 989 3081 Paris.
1014 3037 1151 3081 1666.
1187 3032 1287 3093 4.*.
1321 3031 1571 3096 Noriberg,
1592 3039 1732 3091 1677.
1755 3028 1850 3089 4.*.
1920 3026 2255 3100 Physiologiam

240 3157 314 3209 (i)
345 3157 478 3205 Tum·
509 3171 535 3210 p
578 3171 665 3213 312.
2091 3093 2256 3147 tradit,
