<?xml version="1.0" encoding="UTF-8"?>
<!DOCTYPE html PUBLIC "-//W3C//DTD XHTML 1.0 Transitional//EN"
    "http://www.w3.org/TR/xhtml1/DTD/xhtml1-transitional.dtd">
<html xmlns="http://www.w3.org/1999/xhtml" xml:lang="en" lang="en">
 <head>
  <title>
</title>
<meta http-equiv="Content-Type" content="text/html;charset=utf-8" />
  <meta name='ocr-system' content='tesseract 3.04.00' />
  <meta name='ocr-capabilities' content='ocr_page ocr_carea ocr_par ocr_line ocrx_word'/>
</head>
<body>
  <div class='ocr_page' id='page_1' title='image "bibliothecaanato01hall_0473.png"; bbox 0 0 2556 3442; ppageno 0'>
   <div class='ocr_carea' id='block_1_1' title="bbox 423 143 2262 217">
    <p class='ocr_par' dir='ltr' id='par_1_1' title="bbox 423 143 2262 217">
     <span class='ocr_line' id='line_1_1' title="bbox 423 143 2262 217; baseline 0.007 -24"><span class='ocrx_word' id='word_1_1' title='bbox 423 143 821 206; x_wconf 75' lang='lat'>§.426-428,</span> <span class='ocrx_word' id='word_1_2' title='bbox 888 145 1253 194; x_wconf 82' lang='lat' dir='ltr'>HEILAND.</span> <span class='ocrx_word' id='word_1_3' title='bbox 1322 145 1797 200; x_wconf 82' lang='lat' dir='ltr'>MOINICHEN.</span> <span class='ocrx_word' id='word_1_4' title='bbox 1867 153 2040 204; x_wconf 80' lang='lat' dir='ltr'>BILs.</span> <span class='ocrx_word' id='word_1_5' title='bbox 2163 169 2262 217; x_wconf 79' lang='lat'><strong>459</strong></span> 
     </span>
    </p>
   </div>
   <div class='ocr_carea' id='block_1_2' title="bbox 176 272 2259 601">
    <p class='ocr_par' dir='ltr' id='par_1_2' title="bbox 176 272 2259 601">
     <span class='ocr_line' id='line_1_2' title="bbox 198 272 2257 334; baseline 0.006 -12"><span class='ocrx_word' id='word_1_6' title='bbox 198 274 256 322; x_wconf 82' lang='lat' dir='ltr'><strong>de</strong></span> <span class='ocrx_word' id='word_1_7' title='bbox 271 278 397 323; x_wconf 88' lang='lat' dir='ltr'><strong>Dom.</strong></span> <span class='ocrx_word' id='word_1_8' title='bbox 413 275 465 322; x_wconf 83' lang='lat' dir='ltr'><strong>de</strong></span> <span class='ocrx_word' id='word_1_9' title='bbox 481 278 832 324; x_wconf 76' lang='lat' dir='ltr'>MARCHETTIS</span> <span class='ocrx_word' id='word_1_10' title='bbox 851 274 1183 322; x_wconf 87' lang='lat' dir='ltr'><strong>ostensionibus</strong></span> <span class='ocrx_word' id='word_1_11' title='bbox 1195 276 1312 334; x_wconf 80' lang='lat' dir='ltr'><strong>agit,</strong></span> <span class='ocrx_word' id='word_1_12' title='bbox 1341 272 1562 321; x_wconf 83' lang='lat' dir='ltr'><strong>thoracici</strong></span> <span class='ocrx_word' id='word_1_13' title='bbox 1578 274 1770 325; x_wconf 65' lang='lat' dir='ltr'><strong>ductus:</strong></span> <span class='ocrx_word' id='word_1_14' title='bbox 1808 283 1849 328; x_wconf 83' lang='lat'>&amp;</span> <span class='ocrx_word' id='word_1_15' title='bbox 1875 282 1928 328; x_wconf 89' lang='lat' dir='ltr'><strong>de</strong></span> <span class='ocrx_word' id='word_1_16' title='bbox 1949 284 2257 334; x_wconf 82' lang='lat' dir='ltr'><strong>continuitate</strong></span> 
     </span>
     <span class='ocr_line' id='line_1_3' title="bbox 176 336 2259 403; baseline 0.003 -17"><span class='ocrx_word' id='word_1_17' title='bbox 176 336 463 388; x_wconf 29' lang='lat' dir='ltr'><strong>*arteriarum</strong></span> <span class='ocrx_word' id='word_1_18' title='bbox 484 358 587 388; x_wconf 87' lang='lat' dir='ltr'><strong>cum</strong></span> <span class='ocrx_word' id='word_1_19' title='bbox 610 343 739 388; x_wconf 87' lang='lat' dir='ltr'><strong>venis</strong></span> <span class='ocrx_word' id='word_1_20' title='bbox 758 357 835 401; x_wconf 86' lang='lat' dir='ltr'><strong>per</strong></span> <span class='ocrx_word' id='word_1_21' title='bbox 848 340 1157 399; x_wconf 77' lang='lat' dir='ltr'><strong>experimenta</strong></span> <span class='ocrx_word' id='word_1_22' title='bbox 1178 337 1497 384; x_wconf 87' lang='lat' dir='ltr'><strong>demonstrata.</strong></span> <span class='ocrx_word' id='word_1_23' title='bbox 1565 339 1621 385; x_wconf 89' lang='lat' dir='ltr'><strong>In</strong></span> <span class='ocrx_word' id='word_1_24' title='bbox 1641 344 1763 401; x_wconf 88' lang='lat' dir='ltr'><em>Epist.</em></span> <span class='ocrx_word' id='word_1_25' title='bbox 1788 355 1864 399; x_wconf 78' lang='lat'>70.</span> <span class='ocrx_word' id='word_1_26' title='bbox 1883 347 1966 392; x_wconf 80' lang='lat' dir='ltr'><strong>alia</strong></span> <span class='ocrx_word' id='word_1_27' title='bbox 1985 360 2149 403; x_wconf 78' lang='lat' dir='ltr'><strong>narrat,</strong></span> <span class='ocrx_word' id='word_1_28' title='bbox 2180 351 2259 397; x_wconf 81' lang='lat' dir='ltr'>Pa.</span> 
     </span>
     <span class='ocr_line' id='line_1_4' title="bbox 197 400 2258 471; baseline 0.003 -21"><span class='ocrx_word' id='word_1_29' title='bbox 197 405 310 450; x_wconf 82' lang='lat' dir='ltr'><strong>tavii</strong></span> <span class='ocrx_word' id='word_1_30' title='bbox 337 403 417 450; x_wconf 82' lang='lat' dir='ltr'><strong>fibi</strong></span> <span class='ocrx_word' id='word_1_31' title='bbox 442 405 646 452; x_wconf 77' lang='lat' dir='ltr'><strong>ostensa:</strong></span> <span class='ocrx_word' id='word_1_32' title='bbox 693 408 734 452; x_wconf 65' lang='grc' dir='ltr'>ἃ</span> <span class='ocrx_word' id='word_1_33' title='bbox 761 405 815 450; x_wconf 82' lang='lat' dir='ltr'><strong>de</strong></span> <span class='ocrx_word' id='word_1_34' title='bbox 838 404 978 448; x_wconf 66' lang='lat' dir='ltr'><strong>duem</strong></span> <span class='ocrx_word' id='word_1_35' title='bbox 1009 401 1289 460; x_wconf 84' lang='lat' dir='ltr'><strong>pancreatico</strong></span> <span class='ocrx_word' id='word_1_36' title='bbox 1314 400 1512 461; x_wconf 82' lang='lat' dir='ltr'>duplici,</span> <span class='ocrx_word' id='word_1_37' title='bbox 1549 419 1685 462; x_wconf 87' lang='lat' dir='ltr'><strong>quem</strong></span> <span class='ocrx_word' id='word_1_38' title='bbox 1710 406 2034 457; x_wconf 74' lang='lat' dir='ltr'><strong>MomNETTo</strong></span> <span class='ocrx_word' id='word_1_39' title='bbox 2063 411 2152 471; x_wconf 83' lang='lat' dir='ltr'><strong>ipse</strong></span> <span class='ocrx_word' id='word_1_40' title='bbox 2182 414 2258 462; x_wconf 86' lang='lat' dir='ltr'><strong>de.</strong></span> 
     </span>
     <span class='ocr_line' id='line_1_5' title="bbox 195 463 2257 537; baseline 0.003 -25"><span class='ocrx_word' id='word_1_41' title='bbox 195 468 478 516; x_wconf 79' lang='lat' dir='ltr'><strong>monstravit.</strong></span> <span class='ocrx_word' id='word_1_42' title='bbox 548 470 603 515; x_wconf 86' lang='lat' dir='ltr'><strong>In</strong></span> <span class='ocrx_word' id='word_1_43' title='bbox 625 470 746 528; x_wconf 77' lang='lat' dir='ltr'><strong>Epist.</strong></span> <span class='ocrx_word' id='word_1_44' title='bbox 771 475 843 525; x_wconf 88' lang='lat'><strong>87.</strong></span> <span class='ocrx_word' id='word_1_45' title='bbox 882 465 937 510; x_wconf 86' lang='lat' dir='ltr'><strong>de</strong></span> <span class='ocrx_word' id='word_1_46' title='bbox 955 465 1093 511; x_wconf 77' lang='lat' dir='ltr'><strong>incisa</strong></span> <span class='ocrx_word' id='word_1_47' title='bbox 1112 465 1286 512; x_wconf 79' lang='lat' dir='ltr'><strong>Patavii</strong></span> <span class='ocrx_word' id='word_1_48' title='bbox 1311 463 1480 513; x_wconf 82' lang='lat' dir='ltr'><strong>femina</strong></span> <span class='ocrx_word' id='word_1_49' title='bbox 1498 467 1682 525; x_wconf 84' lang='lat' dir='ltr'><strong>gravida</strong></span> <span class='ocrx_word' id='word_1_50' title='bbox 1697 502 1710 521; x_wconf 85' lang='lat'>‚</span> <span class='ocrx_word' id='word_1_51' title='bbox 1748 467 1860 515; x_wconf 83' lang='lat' dir='ltr'><strong>vafis</strong></span> <span class='ocrx_word' id='word_1_52' title='bbox 1883 469 2087 530; x_wconf 82' lang='lat' dir='ltr'><strong>splenicis</strong></span> <span class='ocrx_word' id='word_1_53' title='bbox 2104 476 2152 521; x_wconf 82' lang='lat' dir='ltr'><strong>in</strong></span> <span class='ocrx_word' id='word_1_54' title='bbox 2178 495 2257 537; x_wconf 82' lang='lat' dir='ltr'><strong>gy.</strong></span> 
     </span>
     <span class='ocr_line' id='line_1_6' title="bbox 194 527 2255 601; baseline 0.003 -24"><span class='ocrx_word' id='word_1_55' title='bbox 194 548 299 577; x_wconf 79' lang='lat' dir='ltr'><strong>rum</strong></span> <span class='ocrx_word' id='word_1_56' title='bbox 323 534 610 585; x_wconf 73' lang='lat' dir='ltr'><strong>convolmis,</strong></span> <span class='ocrx_word' id='word_1_57' title='bbox 642 531 765 591; x_wconf 83' lang='lat' dir='ltr'><strong>sept-o</strong></span> <span class='ocrx_word' id='word_1_58' title='bbox 791 529 942 576; x_wconf 83' lang='lat' dir='ltr'><strong>cordis</strong></span> <span class='ocrx_word' id='word_1_59' title='bbox 966 527 1197 589; x_wconf 81' lang='lat' dir='ltr'><strong>perforato</strong></span> <span class='ocrx_word' id='word_1_60' title='bbox 1230 545 1286 576; x_wconf 82' lang='lat' dir='ltr'><strong>ex</strong></span> <span class='ocrx_word' id='word_1_61' title='bbox 1307 530 1622 578; x_wconf 74' lang='grc' dir='ltr'><strong>ΜΟΜΝΕΤΤΙ</strong></span> <span class='ocrx_word' id='word_1_62' title='bbox 1661 530 1930 582; x_wconf 80' lang='lat' dir='ltr'><strong>Ostenslone.</strong></span> <span class='ocrx_word' id='word_1_63' title='bbox 1999 537 2054 583; x_wconf 85' lang='lat' dir='ltr'><strong>In</strong></span> <span class='ocrx_word' id='word_1_64' title='bbox 2081 542 2153 601; x_wconf 81' lang='lat' dir='ltr'><strong>Ep.</strong></span> <span class='ocrx_word' id='word_1_65' title='bbox 2176 554 2255 599; x_wconf 83' lang='lat'><strong>97.</strong></span> 
     </span>
    </p>
   </div>
   <div class='ocr_carea' id='block_1_3' title="bbox 196 593 866 658">
    <p class='ocr_par' dir='ltr' id='par_1_3' title="bbox 196 593 866 658">
     <span class='ocr_line' id='line_1_7' title="bbox 196 593 866 658; baseline -0.004 -16"><span class='ocrx_word' id='word_1_66' title='bbox 196 608 322 643; x_wconf 81' lang='lat' dir='ltr'><strong>aorta</strong></span> <span class='ocrx_word' id='word_1_67' title='bbox 349 594 546 658; x_wconf 81' lang='lat' dir='ltr'><strong>squamis</strong></span> <span class='ocrx_word' id='word_1_68' title='bbox 578 593 705 642; x_wconf 71' lang='lat' dir='ltr'><strong>oiseis</strong></span> <span class='ocrx_word' id='word_1_69' title='bbox 728 594 866 640; x_wconf 79' lang='lat' dir='ltr'><strong>varia.</strong></span> 
     </span>
    </p>
   </div>
   <div class='ocr_carea' id='block_1_4' title="bbox 645 730 1796 789">
    <p class='ocr_par' dir='ltr' id='par_1_4' title="bbox 645 730 1796 789">
     <span class='ocr_line' id='line_1_8' title="bbox 645 730 1796 789; baseline 0.003 -11"><span class='ocrx_word' id='word_1_70' title='bbox 645 735 684 785; x_wconf 73' lang='lat'><strong>§-</strong></span> <span class='ocrx_word' id='word_1_71' title='bbox 719 730 1204 780; x_wconf 89' lang='lat' dir='ltr'>CCCCXXVIII.</span> <span class='ocrx_word' id='word_1_72' title='bbox 1309 731 1546 781; x_wconf 69' lang='lat' dir='ltr'><strong>Ludovicus</strong></span> <span class='ocrx_word' id='word_1_73' title='bbox 1570 733 1623 780; x_wconf 87' lang='lat' dir='ltr'><strong>de</strong></span> <span class='ocrx_word' id='word_1_74' title='bbox 1655 734 1796 789; x_wconf 62' lang='lat' dir='ltr'><strong>Bas,</strong></span> 
     </span>
    </p>
   </div>
   <div class='ocr_carea' id='block_1_5' title="bbox 186 829 2259 1151">
    <p class='ocr_par' dir='ltr' id='par_1_5' title="bbox 186 829 2259 1151">
     <span class='ocr_line' id='line_1_9' title="bbox 321 829 2258 893; baseline 0.003 -17"><span class='ocrx_word' id='word_1_75' title='bbox 321 829 408 876; x_wconf 84' lang='lat' dir='ltr'><strong>Vel</strong></span> <span class='ocrx_word' id='word_1_76' title='bbox 426 830 620 876; x_wconf 84' lang='lat' dir='ltr'>BlleUS</span> <span class='ocrx_word' id='word_1_77' title='bbox 638 863 650 882; x_wconf 87' lang='lat'><strong>‚</strong></span> <span class='ocrx_word' id='word_1_78' title='bbox 687 829 921 875; x_wconf 78' lang='lat' dir='ltr'><strong>Dominus</strong></span> <span class='ocrx_word' id='word_1_79' title='bbox 951 831 999 875; x_wconf 89' lang='lat' dir='ltr'><strong>in</strong></span> <span class='ocrx_word' id='word_1_80' title='bbox 1025 829 1321 890; x_wconf 77' lang='lat' dir='ltr'><strong>Coppendam</strong></span> <span class='ocrx_word' id='word_1_81' title='bbox 1340 865 1352 883; x_wconf 83' lang='lat'>,</span> <span class='ocrx_word' id='word_1_82' title='bbox 1401 831 1573 878; x_wconf 82' lang='lat' dir='ltr'><strong>Praetor</strong></span> <span class='ocrx_word' id='word_1_83' title='bbox 1606 832 1762 892; x_wconf 88' lang='lat' dir='ltr'><strong>oppidi</strong></span> <span class='ocrx_word' id='word_1_84' title='bbox 1788 831 2060 893; x_wconf 81' lang='lat' dir='ltr'><strong>Ardenburg</strong></span> <span class='ocrx_word' id='word_1_85' title='bbox 2081 867 2091 886; x_wconf 78' lang='grc'>,</span> <span class='ocrx_word' id='word_1_86' title='bbox 2141 834 2258 882; x_wconf 78' lang='lat' dir='ltr'><strong>miro</strong></span> 
     </span>
     <span class='ocr_line' id='line_1_10' title="bbox 193 893 2259 954; baseline 0.002 -14"><span class='ocrx_word' id='word_1_87' title='bbox 193 893 391 954; x_wconf 82' lang='lat' dir='ltr'><strong>quodam</strong></span> <span class='ocrx_word' id='word_1_88' title='bbox 420 908 573 939; x_wconf 84' lang='lat' dir='ltr'><strong>amore</strong></span> <span class='ocrx_word' id='word_1_89' title='bbox 595 905 830 939; x_wconf 81' lang='lat' dir='ltr'><strong>anatomes</strong></span> <span class='ocrx_word' id='word_1_90' title='bbox 858 894 1104 947; x_wconf 80' lang='lat' dir='ltr'><strong>incitatus,</strong></span> <span class='ocrx_word' id='word_1_91' title='bbox 1138 896 1336 954; x_wconf 87' lang='lat' dir='ltr'><strong>primum</strong></span> <span class='ocrx_word' id='word_1_92' title='bbox 1362 893 1548 942; x_wconf 86' lang='lat' dir='ltr'><strong>sceletos</strong></span> <span class='ocrx_word' id='word_1_93' title='bbox 1568 898 1818 943; x_wconf 74' lang='lat' dir='ltr'><strong>nonnullas</strong></span> <span class='ocrx_word' id='word_1_94' title='bbox 1836 930 1848 949; x_wconf 91' lang='lat'>‚</span> <span class='ocrx_word' id='word_1_95' title='bbox 1896 899 1937 943; x_wconf 85' lang='lat'>&amp;</span> <span class='ocrx_word' id='word_1_96' title='bbox 1967 895 2152 944; x_wconf 75' lang='lat' dir='ltr'><strong>officula</strong></span> <span class='ocrx_word' id='word_1_97' title='bbox 2178 914 2259 944; x_wconf 74' lang='lat' dir='ltr'><strong>au·</strong></span> 
     </span>
     <span class='ocr_line' id='line_1_11' title="bbox 190 955 2258 1019; baseline 0.003 -16"><span class='ocrx_word' id='word_1_98' title='bbox 190 960 312 1004; x_wconf 85' lang='lat' dir='ltr'><strong>ditus</strong></span> <span class='ocrx_word' id='word_1_99' title='bbox 339 955 544 1003; x_wconf 83' lang='lat' dir='ltr'><strong>Leidenfi</strong></span> <span class='ocrx_word' id='word_1_100' title='bbox 574 956 752 1004; x_wconf 79' lang='lat' dir='ltr'><strong>theatro</strong></span> <span class='ocrx_word' id='word_1_101' title='bbox 777 956 993 1010; x_wconf 80' lang='lat' dir='ltr'><strong>donavit,</strong></span> <span class='ocrx_word' id='word_1_102' title='bbox 1030 957 1174 1017; x_wconf 81' lang='lat' dir='ltr'>deque</span> <span class='ocrx_word' id='word_1_103' title='bbox 1193 959 1249 1003; x_wconf 87' lang='lat' dir='ltr'><strong>iis</strong></span> <span class='ocrx_word' id='word_1_104' title='bbox 1275 956 1492 1018; x_wconf 83' lang='lat' dir='ltr'><strong>scriptum</strong></span> <span class='ocrx_word' id='word_1_105' title='bbox 1513 959 1655 1005; x_wconf 86' lang='lat' dir='ltr'><strong>edidit</strong></span> <span class='ocrx_word' id='word_1_106' title='bbox 1676 958 1949 1019; x_wconf 75' lang='lat' dir='ltr'><strong>Anatomisch</strong></span> <span class='ocrx_word' id='word_1_107' title='bbox 1972 973 2150 1009; x_wconf 78' lang='lat' dir='ltr'><strong>vertoon</strong></span> <span class='ocrx_word' id='word_1_108' title='bbox 2166 979 2258 1009; x_wconf 80' lang='lat' dir='ltr'><strong>van</strong></span> 
     </span>
     <span class='ocr_line' id='line_1_12' title="bbox 186 1018 2259 1085; baseline 0.004 -20"><span class='ocrx_word' id='word_1_109' title='bbox 186 1020 256 1067; x_wconf 84' lang='lat' dir='ltr'><strong>het</strong></span> <span class='ocrx_word' id='word_1_110' title='bbox 280 1018 437 1082; x_wconf 63' lang='lat' dir='ltr'><strong>gelyoor</strong></span> <span class='ocrx_word' id='word_1_111' title='bbox 472 1020 650 1082; x_wconf 86' lang='lat' dir='ltr'><strong>Brughe</strong></span> <span class='ocrx_word' id='word_1_112' title='bbox 678 1029 813 1079; x_wconf 84' lang='lat'>1655.</span> <span class='ocrx_word' id='word_1_113' title='bbox 835 1020 915 1079; x_wconf 76' lang='lat'><strong>4*</strong></span> <span class='ocrx_word' id='word_1_114' title='bbox 950 1022 1089 1068; x_wconf 75' lang='lat' dir='ltr'><strong>latine</strong></span> <span class='ocrx_word' id='word_1_115' title='bbox 1129 1019 1337 1068; x_wconf 86' lang='lat' dir='ltr'><strong>recusum</strong></span> <span class='ocrx_word' id='word_1_116' title='bbox 1375 1038 1479 1068; x_wconf 90' lang='lat' dir='ltr'><strong>cum</strong></span> <span class='ocrx_word' id='word_1_117' title='bbox 1506 1023 1720 1070; x_wconf 83' lang='lat' dir='ltr'><strong>iconibus</strong></span> <span class='ocrx_word' id='word_1_118' title='bbox 1754 1041 1850 1070; x_wconf 88' lang='lat' dir='ltr'><strong>non</strong></span> <span class='ocrx_word' id='word_1_119' title='bbox 1875 1025 2069 1085; x_wconf 84' lang='lat' dir='ltr'><strong>optimis.</strong></span> <span class='ocrx_word' id='word_1_120' title='bbox 2139 1027 2259 1073; x_wconf 79' lang='lat' dir='ltr'><strong>Lau-</strong></span> 
     </span>
     <span class='ocr_line' id='line_1_13' title="bbox 186 1084 2257 1151; baseline 0.003 -21"><span class='ocrx_word' id='word_1_121' title='bbox 186 1084 263 1131; x_wconf 78' lang='lat' dir='ltr'><strong>dat</strong></span> <span class='ocrx_word' id='word_1_122' title='bbox 289 1097 442 1131; x_wconf 82' lang='lat' dir='ltr'><strong>tamen</strong></span> <span class='ocrx_word' id='word_1_123' title='bbox 473 1089 521 1140; x_wconf 84' lang='lat' dir='ltr'>J.</span> <span class='ocrx_word' id='word_1_124' title='bbox 546 1104 590 1131; x_wconf 84' lang='lat' dir='ltr'>v.</span> <span class='ocrx_word' id='word_1_125' title='bbox 621 1086 837 1137; x_wconf 64' lang='lat' dir='ltr'><strong>Horma,</strong></span> <span class='ocrx_word' id='word_1_126' title='bbox 873 1085 998 1145; x_wconf 84' lang='lat' dir='ltr'><strong>quod</strong></span> <span class='ocrx_word' id='word_1_127' title='bbox 1022 1087 1217 1133; x_wconf 78' lang='lat' dir='ltr'><strong>BlLsms</strong></span> <span class='ocrx_word' id='word_1_128' title='bbox 1246 1102 1372 1133; x_wconf 88' lang='lat' dir='ltr'><strong>novo</strong></span> <span class='ocrx_word' id='word_1_129' title='bbox 1391 1085 1606 1134; x_wconf 87' lang='lat' dir='ltr'><strong>instituto</strong></span> <span class='ocrx_word' id='word_1_130' title='bbox 1630 1104 1854 1150; x_wconf 80' lang='lat' dir='ltr'><strong>organum</strong></span> <span class='ocrx_word' id='word_1_131' title='bbox 1879 1088 2063 1136; x_wconf 66' lang='lat' dir='ltr'><strong>auditus</strong></span> <span class='ocrx_word' id='word_1_132' title='bbox 2086 1105 2164 1151; x_wconf 85' lang='lat' dir='ltr'><strong>per</strong></span> <span class='ocrx_word' id='word_1_133' title='bbox 2180 1087 2257 1138; x_wconf 86' lang='lat' dir='ltr'><strong>su-</strong></span> 
     </span>
    </p>
   </div>
   <div class='ocr_carea' id='block_1_6' title="bbox 183 1148 1065 1210">
    <p class='ocr_par' dir='ltr' id='par_1_6' title="bbox 183 1148 1065 1210">
     <span class='ocr_line' id='line_1_14' title="bbox 183 1148 1065 1210; baseline 0.002 -16"><span class='ocrx_word' id='word_1_134' title='bbox 183 1159 308 1196; x_wconf 85' lang='lat' dir='ltr'><strong>turas</strong></span> <span class='ocrx_word' id='word_1_135' title='bbox 335 1150 384 1195; x_wconf 90' lang='lat' dir='ltr'><strong>in</strong></span> <span class='ocrx_word' id='word_1_136' title='bbox 412 1161 611 1210; x_wconf 81' lang='lat' dir='ltr'><strong>quatuor</strong></span> <span class='ocrx_word' id='word_1_137' title='bbox 632 1162 777 1210; x_wconf 84' lang='lat' dir='ltr'><strong>partes</strong></span> <span class='ocrx_word' id='word_1_138' title='bbox 803 1148 1065 1196; x_wconf 77' lang='lat' dir='ltr'><strong>dissolverit.</strong></span> 
     </span>
    </p>
   </div>
   <div class='ocr_carea' id='block_1_7' title="bbox 184 1230 2256 1355">
    <p class='ocr_par' dir='ltr' id='par_1_7' title="bbox 184 1230 2256 1355">
     <span class='ocr_line' id='line_1_15' title="bbox 315 1230 2256 1295; baseline 0.004 -18"><span class='ocrx_word' id='word_1_139' title='bbox 315 1231 490 1278; x_wconf 89' lang='lat' dir='ltr'><strong>Eodem</strong></span> <span class='ocrx_word' id='word_1_140' title='bbox 513 1248 636 1277; x_wconf 81' lang='lat' dir='ltr'><strong>anno</strong></span> <span class='ocrx_word' id='word_1_141' title='bbox 657 1230 826 1291; x_wconf 85' lang='lat' dir='ltr'><strong>prodiit</strong></span> <span class='ocrx_word' id='word_1_142' title='bbox 857 1235 1039 1293; x_wconf 82' lang='lat' dir='ltr'><strong>Vertrog</strong></span> <span class='ocrx_word' id='word_1_143' title='bbox 1071 1249 1163 1278; x_wconf 78' lang='lat' dir='ltr'><strong>van</strong></span> <span class='ocrx_word' id='word_1_144' title='bbox 1186 1235 1355 1294; x_wconf 76' lang='lat' dir='ltr'><strong>eenigen</strong></span> <span class='ocrx_word' id='word_1_145' title='bbox 1387 1231 1669 1294; x_wconf 78' lang='lat' dir='ltr'><strong>anatomische</strong></span> <span class='ocrx_word' id='word_1_146' title='bbox 1693 1233 1865 1295; x_wconf 76' lang='lat' dir='ltr'><strong>stucken</strong></span> <span class='ocrx_word' id='word_1_147' title='bbox 1889 1234 1996 1283; x_wconf 79' lang='lat' dir='ltr'><strong>door</strong></span> <span class='ocrx_word' id='word_1_148' title='bbox 2025 1238 2095 1284; x_wconf 84' lang='lat' dir='ltr'><strong>Sr.</strong></span> <span class='ocrx_word' id='word_1_149' title='bbox 2127 1239 2178 1284; x_wconf 90' lang='lat' dir='ltr'><strong>L.</strong></span> <span class='ocrx_word' id='word_1_150' title='bbox 2201 1235 2256 1284; x_wconf 77' lang='lat' dir='ltr'><strong>de</strong></span> 
     </span>
     <span class='ocr_line' id='line_1_16' title="bbox 184 1293 1522 1355; baseline 0.001 -11"><span class='ocrx_word' id='word_1_151' title='bbox 184 1296 295 1344; x_wconf 78' lang='lat' dir='ltr'>BILS</span> <span class='ocrx_word' id='word_1_152' title='bbox 330 1295 612 1342; x_wconf 80' lang='lat' dir='ltr'><strong>Amsterdam</strong></span> <span class='ocrx_word' id='word_1_153' title='bbox 634 1301 769 1353; x_wconf 88' lang='lat'>1655.</span> <span class='ocrx_word' id='word_1_154' title='bbox 800 1293 882 1353; x_wconf 65' lang='lat'><strong>4*</strong></span> <span class='ocrx_word' id='word_1_155' title='bbox 916 1312 1008 1355; x_wconf 90' lang='lat' dir='ltr'><strong>quo</strong></span> <span class='ocrx_word' id='word_1_156' title='bbox 1034 1296 1154 1341; x_wconf 77' lang='lat' dir='ltr'><strong>dona</strong></span> <span class='ocrx_word' id='word_1_157' title='bbox 1174 1293 1253 1342; x_wconf 81' lang='lat' dir='ltr'><strong>sua</strong></span> <span class='ocrx_word' id='word_1_158' title='bbox 1282 1296 1522 1346; x_wconf 83' lang='lat' dir='ltr'><strong>recensuit.</strong></span> 
     </span>
    </p>
   </div>
   <div class='ocr_carea' id='block_1_8' title="bbox 172 1375 2276 2273">
    <p class='ocr_par' dir='ltr' id='par_1_8' title="bbox 172 1375 2276 2273">
     <span class='ocr_line' id='line_1_17' title="bbox 315 1375 2250 1444; baseline 0.004 -20"><span class='ocrx_word' id='word_1_159' title='bbox 315 1377 430 1424; x_wconf 90' lang='lat' dir='ltr'><strong>Inde</strong></span> <span class='ocrx_word' id='word_1_160' title='bbox 458 1377 581 1424; x_wconf 80' lang='lat' dir='ltr'><strong>varia</strong></span> <span class='ocrx_word' id='word_1_161' title='bbox 610 1375 801 1424; x_wconf 79' lang='lat' dir='ltr'><strong>artificia</strong></span> <span class='ocrx_word' id='word_1_162' title='bbox 833 1379 1089 1424; x_wconf 80' lang='lat' dir='ltr'><strong>anatomica</strong></span> <span class='ocrx_word' id='word_1_163' title='bbox 1119 1379 1239 1437; x_wconf 82' lang='lat' dir='ltr'><strong>cepit</strong></span> <span class='ocrx_word' id='word_1_164' title='bbox 1263 1378 1523 1438; x_wconf 83' lang='lat' dir='ltr'><strong>publicare:</strong></span> <span class='ocrx_word' id='word_1_165' title='bbox 1562 1392 1804 1428; x_wconf 82' lang='lat' dir='ltr'><strong>anatomen</strong></span> <span class='ocrx_word' id='word_1_166' title='bbox 1832 1382 2119 1430; x_wconf 84' lang='lat' dir='ltr'><strong>incruentam</strong></span> <span class='ocrx_word' id='word_1_167' title='bbox 2139 1381 2250 1444; x_wconf 81' lang='lat' dir='ltr'>(x).</span> 
     </span>
     <span class='ocr_line' id='line_1_18' title="bbox 183 1440 2251 1505; baseline 0.004 -18"><span class='ocrx_word' id='word_1_168' title='bbox 183 1442 225 1487; x_wconf 89' lang='lat'>&amp;</span> <span class='ocrx_word' id='word_1_169' title='bbox 251 1458 418 1487; x_wconf 85' lang='lat' dir='ltr'><strong>novam</strong></span> <span class='ocrx_word' id='word_1_170' title='bbox 459 1453 608 1488; x_wconf 80' lang='lat' dir='ltr'><strong>artem</strong></span> <span class='ocrx_word' id='word_1_171' title='bbox 641 1441 1006 1488; x_wconf 81' lang='lat' dir='ltr'><strong>condiendorum</strong></span> <span class='ocrx_word' id='word_1_172' title='bbox 1051 1440 1248 1488; x_wconf 80' lang='lat' dir='ltr'><strong>balsamo</strong></span> <span class='ocrx_word' id='word_1_173' title='bbox 1284 1459 1557 1503; x_wconf 81' lang='lat' dir='ltr'><strong>corporum,</strong></span> <span class='ocrx_word' id='word_1_174' title='bbox 1609 1457 1662 1492; x_wconf 87' lang='lat' dir='ltr'><strong>ut</strong></span> <span class='ocrx_word' id='word_1_175' title='bbox 1696 1446 1961 1505; x_wconf 84' lang='lat' dir='ltr'><strong>incorrupta</strong></span> <span class='ocrx_word' id='word_1_176' title='bbox 1998 1459 2251 1495; x_wconf 82' lang='lat' dir='ltr'><strong>manerent.</strong></span> 
     </span>
     <span class='ocr_line' id='line_1_19' title="bbox 179 1503 2251 1573; baseline 0.004 -22"><span class='ocrx_word' id='word_1_177' title='bbox 179 1505 420 1564; x_wconf 84' lang='lat' dir='ltr'><strong>Ejusmodi</strong></span> <span class='ocrx_word' id='word_1_178' title='bbox 451 1506 665 1552; x_wconf 79' lang='lat' dir='ltr'><strong>cadavera</strong></span> <span class='ocrx_word' id='word_1_179' title='bbox 685 1540 697 1558; x_wconf 90' lang='lat'><em>‚</em></span> <span class='ocrx_word' id='word_1_180' title='bbox 734 1504 809 1551; x_wconf 85' lang='lat' dir='ltr'><strong>sed</strong></span> <span class='ocrx_word' id='word_1_181' title='bbox 835 1503 1057 1552; x_wconf 86' lang='lat' dir='ltr'><strong>immenso</strong></span> <span class='ocrx_word' id='word_1_182' title='bbox 1084 1507 1258 1566; x_wconf 73' lang='lat' dir='ltr'><strong>pretio²</strong></span> <span class='ocrx_word' id='word_1_183' title='bbox 1296 1520 1350 1553; x_wconf 87' lang='lat' dir='ltr'><strong>ut</strong></span> <span class='ocrx_word' id='word_1_184' title='bbox 1376 1519 1450 1565; x_wconf 85' lang='lat'>25.</span> <span class='ocrx_word' id='word_1_185' title='bbox 1482 1509 1680 1556; x_wconf 85' lang='lat' dir='ltr'><strong>florenos</strong></span> <span class='ocrx_word' id='word_1_186' title='bbox 1711 1527 1791 1570; x_wconf 88' lang='lat' dir='ltr'><strong>pro</strong></span> <span class='ocrx_word' id='word_1_187' title='bbox 1823 1508 2114 1571; x_wconf 86' lang='lat' dir='ltr'><strong>inspiciendis</strong></span> <span class='ocrx_word' id='word_1_188' title='bbox 2141 1528 2251 1573; x_wconf 85' lang='lat' dir='ltr'><strong>qua-</strong></span> 
     </span>
     <span class='ocr_line' id='line_1_20' title="bbox 179 1568 2250 1630; baseline 0.004 -14"><span class='ocrx_word' id='word_1_189' title='bbox 179 1580 288 1616; x_wconf 91' lang='lat' dir='ltr'><strong>tuor</strong></span> <span class='ocrx_word' id='word_1_190' title='bbox 316 1568 641 1630; x_wconf 82' lang='lat' dir='ltr'><strong>speciminibus</strong></span> <span class='ocrx_word' id='word_1_191' title='bbox 669 1568 871 1630; x_wconf 88' lang='lat' dir='ltr'><strong>posceret</strong></span> <span class='ocrx_word' id='word_1_192' title='bbox 890 1604 903 1622; x_wconf 89' lang='lat'>‚</span> <span class='ocrx_word' id='word_1_193' title='bbox 948 1587 1031 1630; x_wconf 88' lang='lat' dir='ltr'><strong>pro</strong></span> <span class='ocrx_word' id='word_1_194' title='bbox 1061 1582 1161 1618; x_wconf 78' lang='lat' dir='ltr'><strong>tota</strong></span> <span class='ocrx_word' id='word_1_195' title='bbox 1191 1583 1286 1618; x_wconf 84' lang='lat' dir='ltr'><strong>arte</strong></span> <span class='ocrx_word' id='word_1_196' title='bbox 1322 1574 1362 1618; x_wconf 87' lang='lat'>&amp;</span> <span class='ocrx_word' id='word_1_197' title='bbox 1399 1570 1492 1619; x_wconf 71' lang='lat' dir='ltr'><strong>suis</strong></span> <span class='ocrx_word' id='word_1_198' title='bbox 1523 1571 1743 1620; x_wconf 83' lang='lat' dir='ltr'><strong>thesauris</strong></span> <span class='ocrx_word' id='word_1_199' title='bbox 1775 1590 1885 1621; x_wconf 77' lang='lat' dir='ltr'><strong>vero</strong></span> <span class='ocrx_word' id='word_1_200' title='bbox 1921 1585 2119 1623; x_wconf 59' lang='lat'>1206000.</span> <span class='ocrx_word' id='word_1_201' title='bbox 2147 1576 2250 1624; x_wconf 81' lang='lat' dir='ltr'><strong>flor.</strong></span> 
     </span>
     <span class='ocr_line' id='line_1_21' title="bbox 180 1632 2249 1699; baseline 0.004 -20"><span class='ocrx_word' id='word_1_202' title='bbox 180 1635 405 1694; x_wconf 80' lang='lat' dir='ltr'><strong>exegerit,</strong></span> <span class='ocrx_word' id='word_1_203' title='bbox 452 1636 502 1680; x_wconf 86' lang='lat' dir='ltr'><strong>in</strong></span> <span class='ocrx_word' id='word_1_204' title='bbox 539 1635 805 1694; x_wconf 78' lang='lat' dir='ltr'><strong>Exemplare</strong></span> <span class='ocrx_word' id='word_1_205' title='bbox 834 1632 1013 1681; x_wconf 84' lang='lat' dir='ltr'><strong>fufioris</strong></span> <span class='ocrx_word' id='word_1_206' title='bbox 1052 1634 1250 1682; x_wconf 87' lang='lat' dir='ltr'><strong>codicilli</strong></span> <span class='ocrx_word' id='word_1_207' title='bbox 1281 1652 1404 1682; x_wconf 84' lang='lat' dir='ltr'><strong>anno</strong></span> <span class='ocrx_word' id='word_1_208' title='bbox 1430 1642 1564 1694; x_wconf 90' lang='lat'>1656.</span> <span class='ocrx_word' id='word_1_209' title='bbox 1594 1635 1782 1699; x_wconf 76' lang='lat' dir='ltr'><strong>signato,</strong></span> <span class='ocrx_word' id='word_1_210' title='bbox 1825 1640 1868 1685; x_wconf 61' lang='grc' dir='ltr'><strong><em>ἃ</em></strong></span> <span class='ocrx_word' id='word_1_211' title='bbox 1904 1637 2016 1699; x_wconf 79' lang='lat' dir='ltr'><strong>saepe</strong></span> <span class='ocrx_word' id='word_1_212' title='bbox 2042 1639 2165 1687; x_wconf 84' lang='lat' dir='ltr'><strong>edito</strong></span> <span class='ocrx_word' id='word_1_213' title='bbox 2193 1651 2249 1688; x_wconf 79' lang='lat' dir='ltr'><strong>ut</strong></span> 
     </span>
     <span class='ocr_line' id='line_1_22' title="bbox 182 1695 2244 1763; baseline 0.004 -19"><span class='ocrx_word' id='word_1_214' title='bbox 182 1697 370 1744; x_wconf 85' lang='lat' dir='ltr'><strong>Roterd.</strong></span> <span class='ocrx_word' id='word_1_215' title='bbox 397 1704 530 1744; x_wconf 90' lang='lat'>1661.</span> <span class='ocrx_word' id='word_1_216' title='bbox 551 1698 632 1757; x_wconf 79' lang='lat'><strong>4*</strong></span> <span class='ocrx_word' id='word_1_217' title='bbox 661 1715 684 1744; x_wconf 81' lang='lat' dir='ltr'>a</span> <span class='ocrx_word' id='word_1_218' title='bbox 707 1698 880 1745; x_wconf 78' lang='lat' dir='ltr'>ZASIO.</span> <span class='ocrx_word' id='word_1_219' title='bbox 951 1695 1128 1758; x_wconf 76' lang='lat' dir='ltr'><strong>Belgice</strong></span> <span class='ocrx_word' id='word_1_220' title='bbox 1149 1697 1282 1760; x_wconf 69' lang='lat' dir='ltr'><strong>leopye</strong></span> <span class='ocrx_word' id='word_1_221' title='bbox 1307 1718 1396 1746; x_wconf 81' lang='lat' dir='ltr'><strong>van</strong></span> <span class='ocrx_word' id='word_1_222' title='bbox 1421 1699 1570 1750; x_wconf 71' lang='lat' dir='ltr'><strong>zelcere</strong></span> <span class='ocrx_word' id='word_1_223' title='bbox 1600 1703 1759 1763; x_wconf 76' lang='lat' dir='ltr'><strong>ampele</strong></span> <span class='ocrx_word' id='word_1_224' title='bbox 1779 1703 1897 1749; x_wconf 55' lang='lat' dir='ltr'><strong>abien</strong></span> <span class='ocrx_word' id='word_1_225' title='bbox 1917 1720 2007 1749; x_wconf 80' lang='lat' dir='ltr'><strong>van</strong></span> <span class='ocrx_word' id='word_1_226' title='bbox 2035 1708 2084 1750; x_wconf 91' lang='lat' dir='ltr'><strong>L.</strong></span> <span class='ocrx_word' id='word_1_227' title='bbox 2115 1703 2167 1750; x_wconf 82' lang='lat' dir='ltr'><strong>de</strong></span> <span class='ocrx_word' id='word_1_228' title='bbox 2194 1707 2244 1753; x_wconf 85' lang='grc' dir='ltr'><strong>Β.</strong></span> 
     </span>
     <span class='ocr_line' id='line_1_23' title="bbox 176 1760 2276 1828; baseline 0.003 -19"><span class='ocrx_word' id='word_1_229' title='bbox 176 1760 363 1809; x_wconf 77' lang='lat' dir='ltr'><strong>rakende</strong></span> <span class='ocrx_word' id='word_1_230' title='bbox 391 1762 443 1808; x_wconf 83' lang='lat' dir='ltr'><strong>de</strong></span> <span class='ocrx_word' id='word_1_231' title='bbox 471 1761 709 1824; x_wconf 72' lang='lat' dir='ltr'><strong>wetenfhap</strong></span> <span class='ocrx_word' id='word_1_232' title='bbox 734 1779 823 1808; x_wconf 84' lang='lat' dir='ltr'><strong>van</strong></span> <span class='ocrx_word' id='word_1_233' title='bbox 868 1760 1064 1824; x_wconf 76' lang='lat' dir='ltr'><strong>oprechte</strong></span> <span class='ocrx_word' id='word_1_234' title='bbox 1098 1769 1312 1810; x_wconf 76' lang='lat' dir='ltr'><strong>anatomie</strong></span> <span class='ocrx_word' id='word_1_235' title='bbox 1340 1764 1411 1811; x_wconf 84' lang='lat' dir='ltr'><strong>des</strong></span> <span class='ocrx_word' id='word_1_236' title='bbox 1436 1764 1745 1825; x_wconf 76' lang='lat' dir='ltr'><strong>menschelyken</strong></span> <span class='ocrx_word' id='word_1_237' title='bbox 1773 1765 1952 1828; x_wconf 76' lang='lat' dir='ltr'><strong>lighams</strong></span> <span class='ocrx_word' id='word_1_238' title='bbox 2001 1768 2276 1816; x_wconf 67' lang='lat' dir='ltr'><strong>Roterdam‘</strong></span> 
     </span>
     <span class='ocr_line' id='line_1_24' title="bbox 183 1826 2248 1894; baseline 0.003 -22"><span class='ocrx_word' id='word_1_239' title='bbox 183 1832 320 1886; x_wconf 84' lang='lat'>1654.</span> <span class='ocrx_word' id='word_1_240' title='bbox 339 1837 384 1884; x_wconf 91' lang='lat'><strong>4.</strong></span> <span class='ocrx_word' id='word_1_241' title='bbox 414 1827 580 1874; x_wconf 80' lang='lat' dir='ltr'>GUNZ.</span> <span class='ocrx_word' id='word_1_242' title='bbox 650 1826 920 1888; x_wconf 80' lang='lat' dir='ltr'><strong>Germanice</strong></span> <span class='ocrx_word' id='word_1_243' title='bbox 956 1830 1082 1888; x_wconf 81' lang='lat' dir='ltr'><strong>Copie</strong></span> <span class='ocrx_word' id='word_1_244' title='bbox 1107 1832 1221 1873; x_wconf 83' lang='lat' dir='ltr'><strong>einer</strong></span> <span class='ocrx_word' id='word_1_245' title='bbox 1246 1830 1553 1891; x_wconf 70' lang='lat' dir='ltr'><strong>weitliiuflgern</strong></span> <span class='ocrx_word' id='word_1_246' title='bbox 1583 1834 1868 1894; x_wconf 82' lang='lat' dir='ltr'><strong>Notification</strong></span> <span class='ocrx_word' id='word_1_247' title='bbox 1885 1866 1897 1884; x_wconf 88' lang='lat'>‚</span> <span class='ocrx_word' id='word_1_248' title='bbox 1930 1831 2162 1891; x_wconf 69' lang='lat' dir='ltr'><strong>betreffi’nd</strong></span> <span class='ocrx_word' id='word_1_249' title='bbox 2178 1833 2248 1879; x_wconf 86' lang='lat' dir='ltr'><strong>die</strong></span> 
     </span>
     <span class='ocr_line' id='line_1_25' title="bbox 178 1888 2248 1957; baseline 0.003 -20"><span class='ocrx_word' id='word_1_250' title='bbox 178 1889 323 1937; x_wconf 78' lang='lat' dir='ltr'><strong>wahre</strong></span> <span class='ocrx_word' id='word_1_251' title='bbox 334 1893 565 1938; x_wconf 84' lang='lat' dir='ltr'><strong>Anatomie</strong></span> <span class='ocrx_word' id='word_1_252' title='bbox 588 1891 659 1937; x_wconf 86' lang='lat' dir='ltr'><strong>des</strong></span> <span class='ocrx_word' id='word_1_253' title='bbox 672 1888 966 1949; x_wconf 77' lang='lat' dir='ltr'><strong>menschlichen</strong></span> <span class='ocrx_word' id='word_1_254' title='bbox 989 1890 1134 1937; x_wconf 84' lang='lat' dir='ltr'><strong>Leibes</strong></span> <span class='ocrx_word' id='word_1_255' title='bbox 1163 1898 1298 1948; x_wconf 88' lang='lat'>1659.</span> <span class='ocrx_word' id='word_1_256' title='bbox 1327 1905 1373 1952; x_wconf 85' lang='lat'>4.</span> <span class='ocrx_word' id='word_1_257' title='bbox 1401 1891 1679 1942; x_wconf 81' lang='lat' dir='ltr'>BOEHMER.</span> <span class='ocrx_word' id='word_1_258' title='bbox 1748 1897 1934 1957; x_wconf 82' lang='lat' dir='ltr'><strong>Anglice</strong></span> <span class='ocrx_word' id='word_1_259' title='bbox 1953 1895 2248 1948; x_wconf 52' lang='lat' dir='ltr'><strong>treantouch-</strong></span> 
     </span>
     <span class='ocr_line' id='line_1_26' title="bbox 175 1952 2247 2023; baseline 0.003 -22"><span class='ocrx_word' id='word_1_260' title='bbox 175 1959 250 2017; x_wconf 76' lang='lat' dir='ltr'><strong>ing</strong></span> <span class='ocrx_word' id='word_1_261' title='bbox 276 1952 346 2001; x_wconf 85' lang='lat' dir='ltr'><strong>the</strong></span> <span class='ocrx_word' id='word_1_262' title='bbox 374 1953 475 2014; x_wconf 77' lang='lat' dir='ltr'><strong>skill</strong></span> <span class='ocrx_word' id='word_1_263' title='bbox 503 1955 556 2016; x_wconf 84' lang='lat' dir='ltr'><strong>of</strong></span> <span class='ocrx_word' id='word_1_264' title='bbox 573 1972 599 2001; x_wconf 78' lang='lat' dir='ltr'><em>a</em></span> <span class='ocrx_word' id='word_1_265' title='bbox 627 1955 764 2001; x_wconf 74' lang='lat' dir='ltr'><strong>better</strong></span> <span class='ocrx_word' id='word_1_266' title='bbox 783 1971 880 2014; x_wconf 75' lang='lat' dir='ltr'><strong>way</strong></span> <span class='ocrx_word' id='word_1_267' title='bbox 907 1955 962 2016; x_wconf 88' lang='lat' dir='ltr'><strong>of</strong></span> <span class='ocrx_word' id='word_1_268' title='bbox 973 1967 1175 2016; x_wconf 76' lang='lat' dir='ltr'><strong>anatomy</strong></span> <span class='ocrx_word' id='word_1_269' title='bbox 1222 1957 1368 2003; x_wconf 84' lang='lat' dir='ltr'>Lond.</span> <span class='ocrx_word' id='word_1_270' title='bbox 1395 1964 1531 2015; x_wconf 87' lang='lat'>1659.</span> <span class='ocrx_word' id='word_1_271' title='bbox 1565 1965 1606 2013; x_wconf 91' lang='lat'><strong>8.</strong></span> <span class='ocrx_word' id='word_1_272' title='bbox 1652 1961 1693 2005; x_wconf 66' lang='grc' dir='ltr'><strong>ὃς</strong></span> <span class='ocrx_word' id='word_1_273' title='bbox 1727 1957 1812 2006; x_wconf 78' lang='lat' dir='ltr'><strong>The</strong></span> <span class='ocrx_word' id='word_1_274' title='bbox 1846 1957 1968 2021; x_wconf 74' lang='lat' dir='ltr'><strong>hopes</strong></span> <span class='ocrx_word' id='word_1_275' title='bbox 1996 1960 2049 2021; x_wconf 87' lang='lat' dir='ltr'><strong>of</strong></span> <span class='ocrx_word' id='word_1_276' title='bbox 2073 1980 2098 2006; x_wconf 90' lang='lat' dir='ltr'><em>a</em></span> <span class='ocrx_word' id='word_1_277' title='bbox 2127 1960 2247 2023; x_wconf 73' lang='lat' dir='ltr'><strong>large</strong></span> 
     </span>
     <span class='ocr_line' id='line_1_27' title="bbox 177 2016 2246 2082; baseline 0.004 -18"><span class='ocrx_word' id='word_1_278' title='bbox 177 2032 251 2065; x_wconf 83' lang='lat' dir='ltr'><strong>art</strong></span> <span class='ocrx_word' id='word_1_279' title='bbox 272 2016 367 2075; x_wconf 67' lang='lat' dir='ltr'><strong>&amp;a</strong></span> <span class='ocrx_word' id='word_1_280' title='bbox 405 2020 603 2066; x_wconf 89' lang='lat' dir='ltr'><strong>London</strong></span> <span class='ocrx_word' id='word_1_281' title='bbox 626 2028 759 2077; x_wconf 87' lang='lat'>1659.</span> <span class='ocrx_word' id='word_1_282' title='bbox 789 2025 830 2073; x_wconf 89' lang='lat'><strong>8.</strong></span> <span class='ocrx_word' id='word_1_283' title='bbox 899 2021 1024 2066; x_wconf 90' lang='lat' dir='ltr'><strong>Tum</strong></span> <span class='ocrx_word' id='word_1_284' title='bbox 1054 2020 1104 2065; x_wconf 86' lang='lat' dir='ltr'><strong>in</strong></span> <span class='ocrx_word' id='word_1_285' title='bbox 1131 2020 1274 2082; x_wconf 73' lang='lat' dir='ltr'><strong>berigt</strong></span> <span class='ocrx_word' id='word_1_286' title='bbox 1306 2039 1392 2068; x_wconf 79' lang='lat' dir='ltr'><strong>aan</strong></span> <span class='ocrx_word' id='word_1_287' title='bbox 1420 2021 1471 2068; x_wconf 86' lang='lat' dir='ltr'><strong>de</strong></span> <span class='ocrx_word' id='word_1_288' title='bbox 1496 2021 1747 2082; x_wconf 83' lang='lat' dir='ltr'><strong>liefhebbers</strong></span> <span class='ocrx_word' id='word_1_289' title='bbox 1771 2023 1849 2068; x_wconf 82' lang='lat' dir='ltr'><strong>der</strong></span> <span class='ocrx_word' id='word_1_290' title='bbox 1876 2026 2107 2070; x_wconf 77' lang='lat' dir='ltr'><strong>Anatomie</strong></span> <span class='ocrx_word' id='word_1_291' title='bbox 2151 2026 2246 2072; x_wconf 81' lang='lat' dir='ltr'><strong>Ro-</strong></span> 
     </span>
     <span class='ocr_line' id='line_1_28' title="bbox 174 2081 2244 2149; baseline 0.003 -20"><span class='ocrx_word' id='word_1_292' title='bbox 174 2082 344 2129; x_wconf 88' lang='lat' dir='ltr'><strong>terdam</strong></span> <span class='ocrx_word' id='word_1_293' title='bbox 367 2089 501 2142; x_wconf 87' lang='lat'>1659.</span> <span class='ocrx_word' id='word_1_294' title='bbox 521 2095 565 2142; x_wconf 91' lang='lat'><strong>4.</strong></span> <span class='ocrx_word' id='word_1_295' title='bbox 633 2085 797 2144; x_wconf 89' lang='lat' dir='ltr'><strong>Neque</strong></span> <span class='ocrx_word' id='word_1_296' title='bbox 815 2081 910 2130; x_wconf 84' lang='lat' dir='ltr'><strong>haec</strong></span> <span class='ocrx_word' id='word_1_297' title='bbox 936 2081 1128 2130; x_wconf 81' lang='lat' dir='ltr'><strong>artificia</strong></span> <span class='ocrx_word' id='word_1_298' title='bbox 1148 2084 1236 2131; x_wconf 86' lang='lat' dir='ltr'><strong>viri</strong></span> <span class='ocrx_word' id='word_1_299' title='bbox 1257 2084 1453 2139; x_wconf 80' lang='lat' dir='ltr'><strong>‚Iohanni</strong></span> <span class='ocrx_word' id='word_1_300' title='bbox 1476 2105 1520 2132; x_wconf 87' lang='lat' dir='ltr'><strong>v.</strong></span> <span class='ocrx_word' id='word_1_301' title='bbox 1543 2087 1738 2134; x_wconf 80' lang='lat' dir='ltr'>HORNE</span> <span class='ocrx_word' id='word_1_302' title='bbox 1767 2086 2095 2148; x_wconf 84' lang='lat' dir='ltr'><strong>displicuerunt</strong></span> <span class='ocrx_word' id='word_1_303' title='bbox 2114 2122 2127 2142; x_wconf 94' lang='lat'>,</span> <span class='ocrx_word' id='word_1_304' title='bbox 2163 2089 2244 2149; x_wconf 85' lang='lat' dir='ltr'><strong>qui</strong></span> 
     </span>
     <span class='ocr_line' id='line_1_29' title="bbox 174 2145 2239 2213; baseline 0.003 -20"><span class='ocrx_word' id='word_1_305' title='bbox 174 2146 331 2193; x_wconf 80' lang='lat' dir='ltr'><strong>BlLsu</strong></span> <span class='ocrx_word' id='word_1_306' title='bbox 375 2149 683 2194; x_wconf 81' lang='lat' dir='ltr'><strong>anatomicum</strong></span> <span class='ocrx_word' id='word_1_307' title='bbox 721 2145 984 2194; x_wconf 80' lang='lat' dir='ltr'><strong>thesaurum</strong></span> <span class='ocrx_word' id='word_1_308' title='bbox 1024 2146 1329 2208; x_wconf 63' lang='lat' dir='ltr'><strong>suppellectile</strong></span> <span class='ocrx_word' id='word_1_309' title='bbox 1364 2162 1575 2211; x_wconf 86' lang='lat' dir='ltr'><strong>argentea</strong></span> <span class='ocrx_word' id='word_1_310' title='bbox 1615 2151 1835 2198; x_wconf 88' lang='lat' dir='ltr'><strong>redimere</strong></span> <span class='ocrx_word' id='word_1_311' title='bbox 1866 2153 2067 2201; x_wconf 82' lang='lat' dir='ltr'><strong>voluerit</strong></span> <span class='ocrx_word' id='word_1_312' title='bbox 2112 2152 2239 2213; x_wconf 84' lang='lat' dir='ltr'>(y).</span> 
     </span>
     <span class='ocr_line' id='line_1_30' title="bbox 172 2210 2155 2273; baseline 0.003 -17"><span class='ocrx_word' id='word_1_313' title='bbox 172 2210 359 2257; x_wconf 84' lang='lat' dir='ltr'><strong>Flexilia</strong></span> <span class='ocrx_word' id='word_1_314' title='bbox 390 2213 511 2257; x_wconf 88' lang='lat' dir='ltr'><strong>enim</strong></span> <span class='ocrx_word' id='word_1_315' title='bbox 538 2212 739 2258; x_wconf 84' lang='lat' dir='ltr'><strong>membra</strong></span> <span class='ocrx_word' id='word_1_316' title='bbox 768 2211 1047 2265; x_wconf 81' lang='lat' dir='ltr'><strong>manebant,</strong></span> <span class='ocrx_word' id='word_1_317' title='bbox 1081 2214 1123 2259; x_wconf 85' lang='lat'>&amp;</span> <span class='ocrx_word' id='word_1_318' title='bbox 1154 2224 1259 2272; x_wconf 84' lang='lat' dir='ltr'><strong>apta</strong></span> <span class='ocrx_word' id='word_1_319' title='bbox 1288 2213 1626 2262; x_wconf 68' lang='lat' dir='ltr'><strong>diffefflonibus</strong></span> <span class='ocrx_word' id='word_1_320' title='bbox 1654 2216 1731 2273; x_wconf 68' lang='lat' dir='ltr'><strong>(z)</strong></span> <span class='ocrx_word' id='word_1_321' title='bbox 1748 2251 1758 2261; x_wconf 92' lang='lat'>.</span> <span class='ocrx_word' id='word_1_322' title='bbox 2154 2223 2155 2226; x_wconf 78' lang='grc'>’</span> 
     </span>
    </p>
   </div>
   <div class='ocr_carea' id='block_1_9' title="bbox 176 2291 2242 2421">
    <p class='ocr_par' dir='ltr' id='par_1_9' title="bbox 176 2291 2242 2421">
     <span class='ocr_line' id='line_1_31' title="bbox 302 2291 2242 2360; baseline 0.004 -21"><span class='ocrx_word' id='word_1_323' title='bbox 302 2294 467 2340; x_wconf 81' lang='lat' dir='ltr'><strong>Multae</strong></span> <span class='ocrx_word' id='word_1_324' title='bbox 493 2293 600 2339; x_wconf 87' lang='lat' dir='ltr'><strong>inde</strong></span> <span class='ocrx_word' id='word_1_325' title='bbox 630 2294 732 2340; x_wconf 84' lang='lat' dir='ltr'><strong>lites</strong></span> <span class='ocrx_word' id='word_1_326' title='bbox 757 2304 870 2340; x_wconf 85' lang='lat' dir='ltr'><strong>ortae</strong></span> <span class='ocrx_word' id='word_1_327' title='bbox 893 2291 1030 2347; x_wconf 83' lang='lat' dir='ltr'><strong>sunt,</strong></span> <span class='ocrx_word' id='word_1_328' title='bbox 1069 2295 1112 2342; x_wconf 88' lang='lat'>&amp;</span> <span class='ocrx_word' id='word_1_329' title='bbox 1134 2294 1373 2342; x_wconf 74' lang='lat' dir='ltr'><strong>Ludovicus</strong></span> <span class='ocrx_word' id='word_1_330' title='bbox 1400 2295 1452 2342; x_wconf 85' lang='lat' dir='ltr'><strong>de</strong></span> <span class='ocrx_word' id='word_1_331' title='bbox 1477 2293 1591 2344; x_wconf 82' lang='lat' dir='ltr'>BILS</span> <span class='ocrx_word' id='word_1_332' title='bbox 1622 2295 1821 2357; x_wconf 80' lang='lat' dir='ltr'><strong>asperam</strong></span> <span class='ocrx_word' id='word_1_333' title='bbox 1853 2298 2062 2360; x_wconf 85' lang='lat' dir='ltr'><strong>epistolam</strong></span> <span class='ocrx_word' id='word_1_334' title='bbox 2094 2298 2156 2345; x_wconf 78' lang='lat' dir='ltr'><strong>acl</strong></span> <span class='ocrx_word' id='word_1_335' title='bbox 2190 2302 2242 2347; x_wconf 85' lang='lat' dir='ltr'>T.</span> 
     </span>
     <span class='ocr_line' id='line_1_32' title="bbox 176 2355 2242 2421; baseline 0.004 -18"><span class='ocrx_word' id='word_1_336' title='bbox 176 2357 574 2405; x_wconf 73' lang='lat' dir='ltr'>BARTHOLINUM</span> <span class='ocrx_word' id='word_1_337' title='bbox 607 2373 766 2418; x_wconf 87' lang='lat' dir='ltr'><strong>parum</strong></span> <span class='ocrx_word' id='word_1_338' title='bbox 791 2355 877 2403; x_wconf 89' lang='lat' dir='ltr'><strong>fibi</strong></span> <span class='ocrx_word' id='word_1_339' title='bbox 902 2356 1133 2405; x_wconf 81' lang='lat' dir='ltr'><strong>faventem</strong></span> <span class='ocrx_word' id='word_1_340' title='bbox 1158 2359 1457 2406; x_wconf 77' lang='lat' dir='ltr'><strong>Roterodami</strong></span> <span class='ocrx_word' id='word_1_341' title='bbox 1479 2366 1613 2408; x_wconf 87' lang='lat'>1661.</span> <span class='ocrx_word' id='word_1_342' title='bbox 1635 2359 1719 2421; x_wconf 83' lang='lat'><strong>4.*</strong></span> <span class='ocrx_word' id='word_1_343' title='bbox 1750 2360 1904 2409; x_wconf 80' lang='lat' dir='ltr'><strong>edidit.</strong></span> <span class='ocrx_word' id='word_1_344' title='bbox 1972 2363 2085 2409; x_wconf 81' lang='lat' dir='ltr'><strong>Eam</strong></span> <span class='ocrx_word' id='word_1_345' title='bbox 2109 2364 2242 2412; x_wconf 84' lang='lat' dir='ltr'>BOR-</span> 
     </span>
    </p>
   </div>
   <div class='ocr_carea' id='block_1_10' title="bbox 175 2422 1270 2483">
    <p class='ocr_par' dir='ltr' id='par_1_10' title="bbox 175 2422 1270 2483">
     <span class='ocr_line' id='line_1_33' title="bbox 175 2422 1270 2483; baseline 0.001 -14"><span class='ocrx_word' id='word_1_346' title='bbox 175 2435 390 2470; x_wconf 77' lang='lat' dir='ltr'><strong>lucfflus</strong></span> <span class='ocrx_word' id='word_1_347' title='bbox 421 2426 658 2468; x_wconf 83' lang='lat' dir='ltr'><strong>Laurentio</strong></span> <span class='ocrx_word' id='word_1_348' title='bbox 685 2422 932 2483; x_wconf 78' lang='lat' dir='ltr'><strong>JORDANO</strong></span> <span class='ocrx_word' id='word_1_349' title='bbox 963 2422 1130 2468; x_wconf 86' lang='lat' dir='ltr'><strong>tribuit</strong></span> <span class='ocrx_word' id='word_1_350' title='bbox 1167 2423 1270 2482; x_wconf 77' lang='lat' dir='ltr'>(a).</span> 
     </span>
    </p>
   </div>
   <div class='ocr_carea' id='block_1_11' title="bbox 168 2502 2238 2630">
    <p class='ocr_par' dir='ltr' id='par_1_11' title="bbox 168 2502 2238 2630">
     <span class='ocr_line' id='line_1_34' title="bbox 302 2502 2238 2570; baseline 0.004 -20"><span class='ocrx_word' id='word_1_351' title='bbox 302 2503 640 2565; x_wconf 80' lang='lat' dir='ltr'><strong>Depraedicavit</strong></span> <span class='ocrx_word' id='word_1_352' title='bbox 676 2502 832 2549; x_wconf 87' lang='lat' dir='ltr'><strong>laudes</strong></span> <span class='ocrx_word' id='word_1_353' title='bbox 855 2503 1013 2550; x_wconf 78' lang='lat' dir='ltr'><strong>BlLsu</strong></span> <span class='ocrx_word' id='word_1_354' title='bbox 1042 2507 1250 2550; x_wconf 72' lang='lat' dir='ltr'><strong>Antonius</strong></span> <span class='ocrx_word' id='word_1_355' title='bbox 1272 2506 1510 2554; x_wconf 80' lang='lat' dir='ltr'>DEUSING</span> <span class='ocrx_word' id='word_1_356' title='bbox 1539 2507 1589 2553; x_wconf 90' lang='lat' dir='ltr'><strong>in</strong></span> <span class='ocrx_word' id='word_1_357' title='bbox 1628 2507 1854 2570; x_wconf 82' lang='lat' dir='ltr'><strong>appendice</strong></span> <span class='ocrx_word' id='word_1_358' title='bbox 1893 2507 1944 2554; x_wconf 84' lang='lat' dir='ltr'><strong>de</strong></span> <span class='ocrx_word' id='word_1_359' title='bbox 1975 2508 2238 2558; x_wconf 80' lang='lat' dir='ltr'><strong>admiranda</strong></span> 
     </span>
     <span class='ocr_line' id='line_1_35' title="bbox 168 2567 1941 2630; baseline 0.003 -15"><span class='ocrx_word' id='word_1_360' title='bbox 168 2579 364 2616; x_wconf 84' lang='lat' dir='ltr'><strong>anatome</strong></span> <span class='ocrx_word' id='word_1_361' title='bbox 397 2568 493 2615; x_wconf 85' lang='lat' dir='ltr'><strong>noh.</strong></span> <span class='ocrx_word' id='word_1_362' title='bbox 523 2569 678 2614; x_wconf 82' lang='lat' dir='ltr'>B1LS11</span> <span class='ocrx_word' id='word_1_363' title='bbox 715 2567 968 2628; x_wconf 86' lang='lat' dir='ltr'><strong>Groningae</strong></span> <span class='ocrx_word' id='word_1_364' title='bbox 994 2567 1182 2614; x_wconf 77' lang='lat' dir='ltr'><strong>edita&amp;</strong></span> <span class='ocrx_word' id='word_1_365' title='bbox 1215 2568 1482 2616; x_wconf 79' lang='lat' dir='ltr'><strong>Roterdarni</strong></span> <span class='ocrx_word' id='word_1_366' title='bbox 1514 2575 1645 2617; x_wconf 84' lang='lat'>1661.</span> <span class='ocrx_word' id='word_1_367' title='bbox 1671 2575 1748 2630; x_wconf 63' lang='grc'><strong>4.*</strong></span> <span class='ocrx_word' id='word_1_368' title='bbox 1773 2571 1941 2620; x_wconf 82' lang='lat' dir='ltr'><strong>recusa.</strong></span> 
     </span>
    </p>
   </div>
   <div class='ocr_carea' id='block_1_12' title="bbox 167 2646 2232 2768">
    <p class='ocr_par' dir='ltr' id='par_1_12' title="bbox 167 2646 2232 2768">
     <span class='ocr_line' id='line_1_36' title="bbox 294 2646 2232 2720; baseline 0.002 -24"><span class='ocrx_word' id='word_1_369' title='bbox 294 2651 402 2697; x_wconf 91' lang='lat' dir='ltr'><strong>Huc</strong></span> <span class='ocrx_word' id='word_1_370' title='bbox 433 2661 548 2710; x_wconf 90' lang='lat' dir='ltr'><strong>puto</strong></span> <span class='ocrx_word' id='word_1_371' title='bbox 584 2649 811 2709; x_wconf 85' lang='lat' dir='ltr'><strong>pertinere</strong></span> <span class='ocrx_word' id='word_1_372' title='bbox 845 2653 900 2701; x_wconf 67' lang='lat' dir='ltr'><strong>L.</strong></span> <span class='ocrx_word' id='word_1_373' title='bbox 932 2649 983 2695; x_wconf 80' lang='lat' dir='ltr'><strong>de</strong></span> <span class='ocrx_word' id='word_1_374' title='bbox 1012 2646 1126 2697; x_wconf 68' lang='lat' dir='ltr'><strong>Blrs</strong></span> <span class='ocrx_word' id='word_1_375' title='bbox 1169 2649 1440 2716; x_wconf 71' lang='lat' dir='ltr'><strong>waarachtig</strong></span> <span class='ocrx_word' id='word_1_376' title='bbox 1475 2665 1653 2718; x_wconf 71' lang='lat' dir='ltr'><strong>vertoog</strong></span> <span class='ocrx_word' id='word_1_377' title='bbox 1680 2653 1758 2702; x_wconf 85' lang='lat' dir='ltr'><strong>der</strong></span> <span class='ocrx_word' id='word_1_378' title='bbox 1781 2652 2032 2720; x_wconf 77' lang='lat' dir='ltr'><strong>hundelinge</strong></span> <span class='ocrx_word' id='word_1_379' title='bbox 2067 2673 2153 2702; x_wconf 82' lang='lat' dir='ltr'><strong>van</strong></span> <span class='ocrx_word' id='word_1_380' title='bbox 2181 2653 2232 2700; x_wconf 78' lang='lat' dir='ltr'><strong>de</strong></span> 
     </span>
     <span class='ocr_line' id='line_1_37' title="bbox 167 2714 1198 2768; baseline 0 -8"><span class='ocrx_word' id='word_1_381' title='bbox 167 2715 400 2762; x_wconf 86' lang='lat' dir='ltr'><strong>Anatomie</strong></span> <span class='ocrx_word' id='word_1_382' title='bbox 428 2715 679 2762; x_wconf 85' lang='lat' dir='ltr'><strong>Roterdam</strong></span> <span class='ocrx_word' id='word_1_383' title='bbox 702 2719 837 2768; x_wconf 89' lang='lat'>1668.</span> <span class='ocrx_word' id='word_1_384' title='bbox 870 2719 914 2768; x_wconf 89' lang='lat'><strong>8.</strong></span> <span class='ocrx_word' id='word_1_385' title='bbox 949 2714 1198 2762; x_wconf 74' lang='lat' dir='ltr'>HEISTER.</span> 
     </span>
    </p>
   </div>
   <div class='ocr_carea' id='block_1_13' title="bbox 1114 2793 2227 2849">
    <p class='ocr_par' dir='ltr' id='par_1_13' title="bbox 1114 2793 2227 2849">
     <span class='ocr_line' id='line_1_38' title="bbox 1114 2793 2227 2849; baseline 0.002 -3"><span class='ocrx_word' id='word_1_386' title='bbox 1114 2793 1238 2846; x_wconf 90' lang='lat' dir='ltr'><strong>Mm</strong></span> <span class='ocrx_word' id='word_1_387' title='bbox 1264 2814 1313 2847; x_wconf 90' lang='lat' dir='ltr'><strong>m</strong></span> <span class='ocrx_word' id='word_1_388' title='bbox 1345 2809 1376 2849; x_wconf 85' lang='lat'>2</span> <span class='ocrx_word' id='word_1_389' title='bbox 2086 2798 2227 2848; x_wconf 72' lang='lat' dir='ltr'><strong>Deni-</strong></span> 
     </span>
    </p>
   </div>
   <div class='ocr_carea' id='block_1_14' title="bbox 213 2909 1090 3123">
    <p class='ocr_par' dir='ltr' id='par_1_14' title="bbox 217 2909 790 2962">
     <span class='ocr_line' id='line_1_39' title="bbox 217 2909 790 2962; baseline 0.003 -13"><span class='ocrx_word' id='word_1_390' title='bbox 217 2909 284 2959; x_wconf 84' lang='lat' dir='ltr'><strong>(x)</strong></span> <span class='ocrx_word' id='word_1_391' title='bbox 317 2911 416 2952; x_wconf 79' lang='lat' dir='ltr'><strong>Toh.</strong></span> <span class='ocrx_word' id='word_1_392' title='bbox 447 2910 630 2951; x_wconf 71' lang='lat' dir='ltr'>ANDREA</span> <span class='ocrx_word' id='word_1_393' title='bbox 660 2924 696 2962; x_wconf 73' lang='lat' dir='ltr'><strong>p,</strong></span> <span class='ocrx_word' id='word_1_394' title='bbox 723 2917 790 2961; x_wconf 73' lang='lat'><strong>85.</strong></span> 
     </span>
    </p>

    <p class='ocr_par' dir='ltr' id='par_1_15' title="bbox 216 2961 841 3017">
     <span class='ocr_line' id='line_1_40' title="bbox 216 2961 841 3017; baseline 0.005 -16"><span class='ocrx_word' id='word_1_395' title='bbox 216 2964 282 3013; x_wconf 72' lang='lat' dir='ltr'><strong>(y)</strong></span> <span class='ocrx_word' id='word_1_396' title='bbox 319 2961 680 3015; x_wconf 70' lang='lat' dir='ltr'><strong>lVaarfihouwing.</strong></span> <span class='ocrx_word' id='word_1_397' title='bbox 712 2978 751 3013; x_wconf 74' lang='lat' dir='ltr'><strong>p,</strong></span> <span class='ocrx_word' id='word_1_398' title='bbox 779 2975 841 3017; x_wconf 64' lang='lat'><strong>31,</strong></span> 
     </span>
    </p>

    <p class='ocr_par' dir='ltr' id='par_1_16' title="bbox 216 3016 741 3063">
     <span class='ocr_line' id='line_1_41' title="bbox 216 3016 741 3063; baseline 0.01 -10"><span class='ocrx_word' id='word_1_399' title='bbox 216 3016 280 3063; x_wconf 85' lang='lat' dir='ltr'><strong>(z)</strong></span> <span class='ocrx_word' id='word_1_400' title='bbox 316 3016 410 3058; x_wconf 71' lang='grc' dir='ltr'><strong>Τοῦ.</strong></span> <span class='ocrx_word' id='word_1_401' title='bbox 443 3017 622 3055; x_wconf 71' lang='lat' dir='ltr'><strong>ANnRuA</strong></span> <span class='ocrx_word' id='word_1_402' title='bbox 650 3017 675 3060; x_wconf 81' lang='lat'>1.</span> <span class='ocrx_word' id='word_1_403' title='bbox 709 3031 741 3058; x_wconf 83' lang='lat' dir='ltr'><strong>c.</strong></span> 
     </span>
    </p>

    <p class='ocr_par' dir='ltr' id='par_1_17' title="bbox 213 3067 1090 3123">
     <span class='ocr_line' id='line_1_42' title="bbox 213 3067 1090 3123; baseline 0.008 -15"><span class='ocrx_word' id='word_1_404' title='bbox 213 3067 272 3120; x_wconf 85' lang='lat' dir='ltr'><strong>(a)</strong></span> <span class='ocrx_word' id='word_1_405' title='bbox 300 3068 370 3121; x_wconf 79' lang='lat' dir='ltr'><strong>Ep.</strong></span> <span class='ocrx_word' id='word_1_406' title='bbox 402 3068 451 3110; x_wconf 80' lang='lat' dir='ltr'><strong>ad</strong></span> <span class='ocrx_word' id='word_1_407' title='bbox 477 3068 759 3117; x_wconf 71' lang='lat' dir='ltr'><strong>BAunomN.</strong></span> <span class='ocrx_word' id='word_1_408' title='bbox 789 3084 852 3123; x_wconf 89' lang='lat'>91.</span> <span class='ocrx_word' id='word_1_409' title='bbox 885 3073 992 3118; x_wconf 72' lang='lat' dir='ltr'><strong>Ceut.</strong></span> <span class='ocrx_word' id='word_1_410' title='bbox 1016 3069 1090 3119; x_wconf 75' lang='grc' dir='ltr'><strong>ΠΙ,</strong></span> 
     </span>
    </p>
   </div>
  </div>
 </body>
</html>
