2556 3442
312 149 410 202 694
700 142 838 189 LIB.
891 141 980 190 VJ.
1045 114 1502 207 ANIMaLIU'M
1545 136 2064 230 ῙΝοῐεῐοΝΕε.ᾇ

314 269 501 316 oculum
527 270 569 316 &
598 268 777 315 caeciliae
804 270 937 315 icone
957 258 1181 330 expreffit.
1249 266 1443 314 Acutius
1471 282 1558 312 nos
1577 264 1733 312 videre
1764 266 1936 326 pupilla
1971 270 2214 315 contracta.
2280 269 2369 317 Ex·

312 334 567 393 perimento
598 332 847 393 compefit,
900 330 1034 380 felem
1055 331 1248 383 :olfacere
1274 347 1449 377 murem
1477 332 1518 377 ἃ
1547 327 1761 390 sagiendo
1797 327 2006 390 insequi,
2058 331 2211 391 potius
2235 349 2375 394 quam

313 395 431 443 visu.
498 398 570 443 De
593 397 807 445 varietate
839 397 1037 457 partium
1062 400 1183 444 oculi
1206 396 1256 442 in
1282 395 1419 442 variis
1442 393 1713 442 animalibus
1739 392 1968 447 breviter,
2003 392 2079 440 sed
2104 408 2158 441 ut
2175 396 2371 451 videtur,

314 460 498 570 adsrem,
529 458 686 521 ipsam.
759 458 963 523 'Aliquot
1002 459 1279 509 insectorum
1309 460 1468 506 oculos
1501 458 1765 506 reticulatos
1792 458 2017 513 delineat,
2057 461 2101 507 &
2134 458 2188 506 de
2215 476 2375 509 eorum

315 539 364 572 vi
387 540 417 570 u
447 536 622 584 quaerit.
1157 540 1159 542 ·

443 604 631 653 Praefide
651 607 852 657 BIDLoo
886 606 938 653 de
963 603 1104 665 thymo
1131 622 1158 652 a
1179 607 1462 658 MULLERO,
1509 603 1561 651 de
1579 608 1667 651 viis
1695 604 1831 652 lac‘Jezts
1863 622 1887 652 a
1913 606 1982 652 Cl.
2016 606 2246 653 EVERTSE
2263 640 2276 660 ,
2321 605 2377 654 de

315 669 530 731 glandula
566 669 807 730 thyroidea
842 670 899 717 ab
938 670 1098 715 eodem
1126 667 1410 730 disputatum
1439 668 1515 714 est.
1585 669 1706 714 Cum
1740 686 1850 715 vero
1879 686 1941 716 eae
1971 668 2299 731 disputationes
2326 672 2378 719 in

317 750 506 796 operum
528 735 795 782 collectione
827 750 926 781 non
947 732 1138 779 redeant
1154 765 1167 787 ,
1204 749 1354 793 neque
1388 735 1471 793 ego
1492 729 1699 780 BmLoo
1723 731 1915 781 sustinui
1945 734 2159 783 tribuere.

816 857 863 915 ἕ.
899 861 944 907 Ι)
964 860 1002 907 C
1013 861 1061 907 X
1071 860 1119 907 X
1131 861 1180 907 X
1193 859 1355 908 VIII.
1425 860 1538 907 Aah
1571 859 1873 909 Eruditorum.

359 966 376 988 ²⁹
447 960 558 1007 Hoc‘
576 974 700 1005 anno
727 973 903 1005 novum
932 957 1144 1004 Diarium
1169 955 1327 1018 Lipsiae
1354 958 1474 1018 cepit
1494 957 1704 1019 prodire,
1740 958 2004 1006 curantibus
2022 959 2220 1019 prim-um
2239 963 2383 1010 MEN-

320 1036 495 1073 KENlls
516 1037 640 1083 patre
662 1025 704 1069 ἃ
734 1021 858 1075 filio,
896 1020 1060 1068 deinde
1086 1021 1186 1068 aliis
1207 1022 1351 1068 docilis
1376 1023 1504 1069 viris.
1572 1024 1629 1069 In
1652 1038 1705 1068 eo
1733 1034 1893 1083 praeter
1918 1023 2138 1069 librorum
2156 1026 2382 1084 pleniores

322 1087 530 1135 censuras
552 1121 565 1140 ,
602 1083 737 1133 etiam
762 1084 917 1146 paffim
943 1086 1261 1132 adnotationes
1291 1086 1455 1146 aliquae
1477 1087 1744 1134 anatomicae
1762 1086 2034 1147 prodierunt
2053 1121 2065 1140 ,
2105 1087 2384 1146 potissimum

318 1153 429 1203 dum
452 1154 493 1214 J.
522 1153 669 1198 BOHN
695 1151 746 1196 in
765 1167 817 1196 eo
843 1150 986 1196 diario
1020 1150 1258 1196 laboravit.
1326 1150 1479 1196 Primo
1504 1167 1627 1197 anno
1641 1149 1740 1205 Joh.
1769 1152 2048 1204 SCHREYER,
2081 1149 2290 1211 phyficus
2306 1153 2382 1198 Ci-

320 1214 461 1262 zenfis
496 1214 747 1260 monstrum
780 1212 886 1261 satis
914 1214 1198 1276 negligenter
1226 1212 1481 1276 descripsit,
1519 1215 1644 1277 quod
1670 1226 1801 1277 putet
1820 1215 1987 1276 partim
2010 1215 2148 1262 vituli
2172 1228 2385 1264 naturam

319 1278 510 1332 habere,
547 1278 712 1339 partim
740 1277 956 1325 hominis.

446 1362 482 1408 E
483 1376 520 1422 J.
561 1362 693 1408 SCHR
701 1375 764 1409 EY
770 1375 795 1408 E
803 1376 853 1408 ΕΙ
870 1365 1138 1423 Erbrterung
1151 1360 1229 1408 der
1245 1364 1394 1424 Frage,
1422 1359 1472 1408 ob
1485 1377 1527 1408 es
1542 1364 1761 1424 eingewiss
1772 1354 1963 1416 Zeichen,
1977 1378 2106 1409 wann
2118 1366 2225 1411 eines
2238 1363 2390 1410 todten

318 1425 476 1474 Kindes
493 1430 639 1486 Lunge
659 1429 717 1470 im
741 1423 906 1488 Waffir
921 1425 1206 1484 unterfinket,
1231 1426 1326 1487 dass
1337 1424 1498 1485 fhlches
1515 1431 1573 1472 im
1595 1427 1875 1473 Mutterleibe
1896 1427 2108 1489 gcstorhen
2126 1427 2224 1487 fi’ye
2257 1428 2389 1475 Zeitz

323 1496 458 1545 1690.
480 1502 525 1548 4.
561 1490 679 1535 Hall.
702 1501 837 1548 1745.
863 1488 945 1548 4.*
991 1492 1239 1547 Qaerebat
1257 1491 1322 1537 Cl.
1345 1491 1666 1545 TnoMAsms,
1681 1508 1795 1538 num
1806 1489 1912 1538 satis
1927 1504 2049 1538 certo
2066 1508 2120 1538 ex
2132 1489 2390 1538 subsidente

320 1556 540 1614 pulmone
560 1552 757 1606 constet,
794 1552 939 1600 fetum
961 1570 1201 1614 nunquam
1219 1555 1316 1600 vita
1334 1554 1415 1601 effe
1442 1553 1653 1602 fruitum.
1723 1553 1948 1602 Adfirmat
1970 1558 2143 1609 audior,
2168 1557 2209 1603 <Sc
2235 1567 2390 1602 natare

320 1618 614 1677 pulmonem,
651 1615 684 1663 fi
709 1615 827 1664 fetus
854 1616 1166 1678 respiraverit,
1204 1620 1247 1665 &
1274 1617 1514 1673 subsidere,
1544 1617 1575 1665 fi
1602 1631 1818 1667 mortuus
1846 1618 1900 1666 fit
1930 1619 2095 1667 editus·
2161 1618 2394 1682 Responsa

319 1680 614 1741 Lipsiensium
641 1683 683 1728 &
711 1680 1157 1729 Francofurtensium
1184 1681 1493 1737 consentiunt,
1531 1681 1969 1748 Wl'ittenbergenses
1994 1700 2052 1732 ne
2073 1700 2129 1732 ex
2145 1683 2388 1746 putredine

323 1745 506 1806 quidem
537 1747 806 1808 pulmonem
826 1758 995 1809 putant
1019 1747 1258 1794 natatilem
1282 1746 1399 1795 fieri.

893 1881 933 1932 §.
969 1877 1013 1923 D
1027 1876 1065 1923 C
1078 1876 1126 1923 X
1137 1876 1186 1923 X
1200 1877 1248 1924 X
1258 1876 1281 1923 I
1292 1876 1356 1925 X.
1427 1879 1591 1925 Diaria
1629 1877 1807 1926 Gallica.

458 1972 638 2021 Zodiaci
669 1974 822 2022 Gallici
852 1973 942 2021 hoc
970 1974 1331 2020 annoultimum
1359 1976 1581 2022 volumen
1607 1974 1794 2036 prodiit.
1862 1972 1973 2035 Ejus
2001 1975 2173 2034 primos
2193 1983 2395 2035 quatuor

328 2036 498 2085 menses
535 2039 716 2085 videtur
739 2037 917 2085 edidiffe
944 2039 1102 2085 ABBAS
1129 2038 1183 2084 de
1209 2039 1253 2084 la
1278 2039 1479 2093 ROQUE,
1515 2037 1549 2086 fi
1570 2042 1690 2087 redle
1710 2037 1923 2085 Diarium
1947 2038 2232 2085 eruditorum
2252 2039 2395 2086 inter-

327 2114 479 2162 pretor
514 2100 588 2161 (z)
650 2118 756 2149 cum
782 2105 918 2150 titulo
941 2107 1180 2158 Journaux
1201 2101 1254 2148 de
1279 2103 1521 2150 Asedecine.
1590 2104 1782 2163 Reliqua
1809 2100 1990 2163 Theoph.
2010 2103 2294 2150 BONNETUS
2316 2103 2396 2149 ad-

328 2165 456 2213 didit.
522 2167 648 2214 Inter
678 2183 727 2213 ea
752 2167 918 2229 dialogi
951 2165 1060 2213 sunt
1073 2166 1128 2212 de
1155 2166 1435 2220 valetudine,
1462 2165 1761 2228 phyfiologici
1788 2166 2070 2226 argumenti,
2108 2183 2214 2212 cum
2247 2165 2397 2228 satyra

329 2232 380 2277 in
412 2230 508 2290 ejus
538 2232 624 2277 aevi
657 2232 870 2279 medicos.
941 2232 1186 2279 CUCHOTI
1212 2232 1347 2277 etiam
1377 2231 1631 2278 monstrum
1658 2230 1748 2277 huc
1772 2229 1917 2283 redit,
1957 2231 2000 2276 &
2032 2229 2156 2276 aliud
2184 2230 2398 2292 bicorpo-

330 2304 459 2340 reum
489 2295 766 2355 quadrupes.
803 2295 1184 2356 quadrimanum,
1220 2311 1325 2342 cum
1349 2307 1577 2350 anatome,
1613 2295 1886 2356 duobusque
1904 2292 2133 2342 intestinis
2159 2294 2404 2343 confinem

331 2358 454 2405 tibus
472 2392 485 2412 ,
522 2359 730 2419 binisque
750 2360 979 2408 cordibus.

455 2440 512 2486 In
533 2441 728 2494 Journal
753 2441 825 2489 des
838 2446 1008 2491 Savans
1030 2449 1071 2497 8.
1090 2441 1224 2497 Febr,
1248 2442 1399 2504 aliqua
1423 2442 1475 2490 in
1495 2442 1724 2492 Romam
1751 2440 1806 2488 de
1822 2428 1962 2489 'motu
1984 2440 2250 2489 animalium
2264 2443 2402 2504 oper'e‘

333 2513 599 2565 carpuntur.

465 2586 526 2632 D.
555 2586 779 2632 DUNCAN
809 2586 862 2633 de
890 2587 1118 2636 mensibus
1156 2589 1434 2650 praecocibus
1455 2589 1506 2636 in
1534 2590 1686 2651 puella
1718 2587 1925 2651 septenni
1953 2586 2108 2637 refert.

461 2668 509 2715 P.
535 2668 823 2715 MERINDOL
857 2671 999 2717 levem
1029 2673 1406 2719 commentarium
1431 2671 1524 2719 edit
1548 2671 1602 2718 de
1624 2670 1806 2718 haedula
1833 2672 2053 2732 oe'tipede.

359 2812 390 2861 h
422 2751 658 2861 quegiurn
697 2750 958 2805 Canonicus
987 2755 1232 2803 Baucnm·
1273 2753 1483 2802 fidutiam
1505 2754 1709 2818 *iconem
1741 2753 1819 2801 dat
1850 2751 2043 2800 infantis
2076 2750 2197 2799 veste
2241 2754 2400 2801 monai

336 2830 357 2862 ι·
395 2830 419 2860 a
439 2830 455 2861 1
479 2830 528 2861 111
564 2825 650 2862 ut1.

2342 2880 2401 2928 In

388 3004 450 3057 (z)
479 3005 632 3068 Annum
660 3007 806 3050 indicat
824 3013 964 3062 1683.,
994 3007 1059 3050 sed
1080 3021 1182 3052 error
1204 3009 1349 3063 subest,
1379 3025 1472 3054 nam
1490 3010 1540 3054 ad
1561 3012 1706 3054 annum
1723 3015 1837 3058 1682·
1859 3020 1882 3050 a
1900 3007 2116 3050 Bormum
2133 3006 2175 3050 in
2193 3008 2398 3052 Zonmco

495 3071 748 3111 repenuntur.
2011 3093 2013 3096 ι
