2556 3442
360 155 452 198 ωε
617 139 621 149 ’
713 147 852 196 LIB.
907 135 993 195 rs.
1063 105 1524 204 ANILMALIUM
1568 118 2042 190 incisiones.

342 285 396 297 Δ·
708 259 725 268 ²
814 272 859 331 ς.
893 270 1101 322 DXLV
1116 232 1175 320 H
1187 270 1224 318 I.
1294 268 1549 329 Francifism
1567 267 1953 317 Winueunev.

493 375 610 422 Cum
639 389 762 419 anno
792 377 929 430 ³672.
959 368 1169 416 nondum
1198 366 1582 429 quadragenarius
1611 365 1779 412 obierit
1804 365 1876 426 vir
1911 365 2108 420 nobilis,
2155 367 2252 430 eJus
2284 385 2420 431 opera

363 442 439 488 liic
472 436 708 490 recense0,
759 453 860 497 quae
893 432 1110 494 Johnnnes
1139 434 1262 493 RAJI
1293 432 1531 493 posthuma
1559 430 1727 484 edidit,
1781 446 1874 490 quo
1905 441 2061 477 tutore
2092 434 2216 479 varia
2255 434 2422 482 itinera

364 505 555 551 obierat.
632 503 739 548 Huc
765 516 872 562 ergo
898 496 1184 560 ornithologia
1202 496 1240 557 s
1261 496 1315 544 de
1332 495 1478 543 avibws
1510 495 1612 542 libri
1632 495 1714 541 III.
1772 495 2063 555 Recognovit
2079 529 2093 549 ,
2126 494 2302 558 digeffit
2322 495 2426 559 sup-

368 569 509 630 plevit
531 568 574 630 J.
593 567 696 628 RAJ
725 564 922 612 Londin.
948 568 1084 620 1676.
1114 561 1227 608 soh*
1294 562 1479 621 Anglice
1506 558 1633 606 versa
1660 559 1715 605 ab
1736 559 1895 605 eodem
1927 558 2065 620 RAJO
2084 593 2097 612 ,
2133 562 2176 607 δι
2216 576 2319 608 cum
2350 578 2426 622 ap.-

364 627 553 695 pendice
578 631 696 678 edita
734 628 938 677 Londini
963 632 1096 683 1678.
1131 624 1212 671 fol.
1279 624 1415 672 Liber
1442 624 1478 670 I.
1505 622 1597 669 huc
1629 623 1858 683 pertinet,
1905 639 1998 683 quo
2033 636 2245 671 anatome
2269 626 2426 673 avium

362 691 517 758 aitqua
541 695 761 748 traditur,
798 688 1076 754 potiffimum
1098 688 1366 741 colletstitia,
1402 704 1496 747 quo
1526 689 1787 733 communia
1811 687 1966 733 avium
1990 688 2236 737 traduntur
2254 724 2268 744 ,
2288 691 2348 742 S:
2372 706 2426 737 ea

365 763 531 824 quibus
560 761 801 807 volucrum
837 753 1005 801 viscera
1033 754 1088 799 ab
1129 753 1327 798 aliorum
1355 751 1622 796 animalium
1657 749 1902 799 visceribus
1932 750 2157 800 diffident.
2245 753 2426 801 Deinde

364 824 600 887 generatio
629 823 798 873 avium,
828 821 870 866 ἃ
904 818 958 864 de
983 829 1113 863 aetate
1144 816 1297 875 aliqua
1314 833 1330 867 3
1365 814 1549 874 propria
1570 812 1845 875 singularum
1864 816 2024 863 avium
2047 816 2282 872 mensura,
2313 835 2428 879 pon-

364 891 469 936 dera
482 909 495 942 3
531 889 680 948 aliqua
703 896 926 931 anatome.
994 880 1247 930 Glandulas
1263 879 1479 940 uropygii
1499 878 1713 925 minimas
1740 876 1821 925 effe
1841 879 1891 925 in
1916 881 2102 935 avibus,
2133 882 2301 943 quibus
2326 899 2429 930 cau-

354 955 421 1001 ‘da
448 955 573 1000 nulla
601 950 693 996 est:
741 950 796 995 iis
836 962 1006 1009 pennas
1036 945 1135 993 suas
1176 961 1227 991 ea
1267 943 1478 990 animalia
1522 942 1581 988 ob
1609 957 1796 1002 ungere.
1864 943 1936 989 De
1973 944 2119 991 bulbo
2148 947 2425 1001 ventriculi3

363 1019 418 1066 de
445 1013 769 1078 appendicibus
802 1011 1155 1064 intestinalibus,
1185 1011 1227 1056 &
1257 1024 1413 1055 earum
1440 1008 1565 1054 varia
1592 1005 1907 1068 longitudine,
1944 1008 2210 1068 longiffimis
2235 1012 2285 1058 in
2303 1012 2429 1073 galli.

366 1099 454 1136 na,
493 1084 542 1127 in
574 1078 825 1126 carnivoris
853 1072 1127 1122 breviffimis
1146 1110 1158 1128 ,
1197 1074 1339 1120 nullis
1364 1074 1415 1119 in
1440 1072 1568 1135 pici‘i.
1635 1072 1706 1118 De
1735 1068 2002 1118 craffissimis
2040 1071 2255 1122 musculis
2279 1077 2429 1135 ped'to-

362 1147 556 1199 talibus,
594 1143 760 1204 quibus
786 1157 890 1188 aves
910 1142 1001 1187 alas
1030 1152 1211 1201 regunt.

493 1229 567 1288 EJ,
609 1228 805 1287 Historiae
821 1224 1001 1286 piscium
1030 1222 1135 1269 libri
1162 1222 1243 1268 IV.
1316 1222 1451 1280 Opus
1471 1220 1754 1280 recognovit,
1792 1218 2038 1280 coaptavit,
2068 1217 2310 1281 supplevit,
2343 1222 2438 1282 pri-

366 1310 491 1341 mum
531 1295 572 1338 ὃς
609 1289 858 1337 secundum
898 1288 1068 1334 librum
1109 1286 1273 1347 adjecit
1306 1283 1650 1345 JolmnneisAJ
1687 1285 1847 1331 Oxon.
1885 1289 2021 1336 1686.
2054 1282 2171 1331 soh*
2204 1285 2433 1334 sumtibus·

370 1356 605 1406 Societatis
625 1356 794 1415 Regiae.
858 1354 1129 1400 Anatomica
1156 1352 1366 1411 pleraque
1395 1350 1514 1411 RAJ1
1536 1348 1656 1395 sunt.
1726 1349 1782 1395 In
1808 1350 1858 1395 L.
1874 1349 1911 1395 Ι.
1943 1349 2205 1396 communia
2237 1349 2448 1411 piscium*

366 1440 390 1469 a
425 1421 612 1482 reliquis
650 1417 927 1466 animalibus
957 1415 1217 1463 discrimina
1248 1432 1302 1461 ex
1327 1415 1459 1461 bonis
1488 1412 1697 1460 fontibus
1730 1414 1928 1459 collecta.
1999 1414 2053 1460 In
2077 1414 2127 1460 L.
2148 1415 2206 1461 II.
2234 1426 2434 1462 cetaceo-

369 1503 474 1533 rum
502 1483 692 1546 piscium
723 1482 925 1535 historia,
959 1483 1002 1528 ἃ
1033 1479 1146 1540 saepe
1168 1493 1393 1527 anatome.
1461 1479 1516 1524 In
1552 1479 1739 1537 reliquis
1774 1475 1968 1537 piscibus
1994 1475 2151 1538 paffim
2187 1480 2321 1526 etiam
2355 1479 2435 1535 ali-

365 1568 455 1611 qua
486 1548 708 1596 viscerum
737 1548 971 1594 memoria.
1040 1546 1207 1592 Cetum
1226 1541 1451 1592 Narve-‘ahl
1474 1541 1608 1589 sensit
1633 1543 1866 1588 bicornem
1887 1539 1984 1589 effe.
2051 1542 2107 1589 In
2135 1542 2268 1591 asello
2289 1543 2434 1590 osten-

367 1616 436 1661 dit
462 1614 770 1660 membranam
795 1612 1038 1663 mobilem,
1065 1626 1156 1670 qua
1186 1610 1347 1655 oculus
1376 1606 1508 1669 possit
1533 1607 1673 1667 operi.

500 1697 846 1758 Supplementzmz
873 1694 929 1740 ad
955 1691 1045 1739 hoc
1068 1708 1184 1752 opus
1213 1691 1383 1751 prodiit
1417 1689 1618 1737 Londini
1639 1700 1773 1748 1743.
1791 1686 1871 1735 fol.
1906 1683 2069 1750 nempe
2086 1688 2224 1736 index
2248 1687 2438 1750 piscium

366 1764 418 1810 in
436 1762 650 1821 Frctnczsci
665 1761 1041 1806 WILLOUGHBY
1067 1754 1380 1816 ichthyologia
1405 1753 1731 1815 descriptorum
1765 1755 1807 1800 δε
1835 1754 2077 1800 nominum
2098 1771 2153 1800 ex
2178 1756 2301 1802 notis
2317 1757 2435 1803 MS.

370 1829 644 1874 TANCREDI
683 1825 958 1873 ROBINSON
1002 1822 1193 1881 aliisque
1227 1818 1437 1867 fontibus
1462 1854 1475 1874 ,
1524 1819 1663 1866 etiam
1703 1816 1945 1880 conspectu
1984 1816 2185 1867 classium
2229 1817 2438 1882 piscium.

368 1891 527 1939 Edidit
550 1891 855 1942 CssomeLL
885 1890 1207 1936 MORTIMER.

805 2017 849 2075 ἕ.
884 2018 1150 2066 DXLIX.
1251 2017 1414 2069 Antpn.
1450 2033 1494 2062 v.
1531 2016 1979 2062 LEEUWENHOECK.

500 2125 604 2172 Hoc
631 2140 754 2170 anno
789 2128 925 2181 1673.
956 2122 1155 2184 primum
1181 2124 1364 2167 Antonii
1393 2121 1830 2167 LEEUWENHOECK
1863 2118 2012 2177 aliqua
2033 2117 2340 2176 experimenta
2364 2118 2442 2167 ad-

373 2201 638 2249 paruerunt.
708 2186 978 2249 Delphenfis
1009 2187 1148 2239 civis,
1183 2185 1418 2231 exercebat
1447 2183 1490 2230 se
1516 2184 1645 2230 vitris
1677 2183 1895 2241 convexis
1924 2181 2161 2241 poliendis,
2197 2199 2298 2242 quac
2339 2184 2441 2230 lim-

375 2251 595 2312 pidiiiima
631 2253 841 2313 parabat,
887 2251 963 2299 etsi
994 2250 1090 2312 post
1119 2261 1313 2296 mortem
1342 2250 1391 2295 in
1424 2250 1519 2310 ejus
1547 2260 1765 2308 apparatu
1796 2247 1924 2292 nulla
1959 2246 2086 2292 valde
2111 2249 2320 2308 augentia
2355 2247 2440 2305 (i)

375 2316 493 2362 vitra
519 2332 693 2377 reperta
717 2315 837 2364 sunt.
906 2315 1006 2364 Nili
1035 2313 1178 2367 forte,
1215 2330 1322 2360 nam
1347 2330 1508 2360 arcana
1539 2312 1720 2359 amabat
1755 2309 1857 2368 (lt),
1896 2327 2045 2371 neque
2078 2327 2103 2356 a
2134 2324 2281 2358 morte
2315 2328 2442 2359 reve-

375 2381 489 2428 lavit
506 2383 670 2427 omnia.
700 2382 891 2429 Interim
907 2383 1016 2428 totis
1032 2379 1368 2439 quinquaginta
1381 2380 1512 2424 annis
1530 2376 1570 2423 se
1582 2375 1684 2423 usui
1701 2393 1857 2422 eorum
1874 2376 2116 2428 vitrorum,
2133 2377 2299 2422 molem
2312 2393 2444 2437 appa.

375 2457 551 2490 rentem
573 2446 870 2492 minimorum
888 2443 1260 2504 corpusculorum
1276 2446 1557 2504 augentium,
1592 2444 1725 2488 unice
1739 2441 1876 2492 dedit,
1903 2442 1945 2486 ‘St
1965 2456 2065 2500 quae
2083 2457 2201 2486 nova
2218 2439 2300 2486 fibi
2319 2440 2443 2487 vide-

374 2509 569 2561 bantur,
607 2526 708 2555 cum
724 2512 862 2571 Regia
879 2510 1040 2556 Societ.
1056 2509 1163 2555 Brit.
1184 2508 1554 2554 communicavit.
1626 2507 1680 2551 In
1705 2518 1938 2557 anatome,
1975 2518 2029 2551 ut
2058 2504 2108 2551 in
2132 2505 2230 2551 aliis
2251 2504 2438 2558 artibus,

375 2571 469 2632 ipse
494 2573 677 2633 quidem
700 2572 790 2620 fere
813 2573 990 2620 amusos
1027 2574 1106 2628 (l)
1141 2571 1257 2618 fuit:
1294 2589 1398 2618 cum
1425 2584 1578 2618 tamen
1601 2571 1840 2631 diligenter
1871 2569 2000 2615 vitris
2031 2580 2261 2622 uteretur,
2295 2570 2442 2614 multa

375 2637 510 2690 vidit,
545 2654 645 2697 quae
680 2638 918 2685 accedente
951 2639 1191 2686 doctorum
1226 2636 1435 2683 virorum
1476 2634 1699 2682 industria
1739 2650 1837 2680 non
1883 2632 2156 2680 mediocrem
2195 2633 2236 2680 ei
2273 2630 2443 2680 famam

376 2702 684 2749 conciliarunt
714 2700 828 2761 (m).

505 2783 711 2832 Primum
750 2781 920 2830 inPhil.
943 2783 1096 2843 Trans.
1114 2801 1159 2831 n.
1176 2797 1253 2844 94.
1282 2786 1323 2832 &
1342 2798 1419 2843 97.
1439 2784 1645 2830 aculeum
1668 2782 1764 2844 apis
1786 2779 2009 2833 describit,
2034 2779 2241 2841 vaginam
2261 2780 2302 2826 &
2327 2778 2442 2827 duos

2310 2860 2444 2893 VCIOS

430 2929 503 2978 (i)
531 2928 623 2968 Non
644 2927 838 2968 vendebat
858 2927 1140 2970 UFFENBACH.
1173 2928 1257 2967 itin.
1288 2927 1353 2968 ΠΙ.
1383 2941 1420 2980 p.
1443 2933 1532 2980 360,

431 2981 497 3030 (k)
527 2982 708 3022 Habuiffe
735 2995 870 3022 arcana
895 2981 1049 3022 emen.
1080 2981 1145 3020 lV.
1174 2994 1207 3030 p.
1236 2987 1321 3029 365«

431 3034 502 3083 (1)
533 3035 684 3074 Bmcu.
721 3035 784 3078 lv,
813 3049 851 3085 p.
878 3038 950 3085 366
995 3032 1114 3072 latine
1144 3046 1222 3071 non
1256 3033 1434 3074 calluisse.
1491 3033 1595 3080 Ejus
1624 3042 1770 3071 errores
1797 3027 1907 3069 Hm
1933 3032 2078 3070 review
2107 3043 2145 3081 p,
2171 3041 2257 3082 157.

430 3089 510 3137 (m)
540 3088 632 3128 Non
657 3087 797 3129 debere
819 3089 1269 3129 Lnuwssnnonefflum
1295 3086 1418 3138 sperni
1439 3085 1626 3127 Liussmz
1654 3096 1758 3135 oper.
1798 3082 1914 3128 T.11.
1950 3083 1998 3125 ad
2022 3083 2275 3130 Benacum,
