2556 3442
771 109 819 171 ὃ.
854 116 1045 174 61”(·’«·-·-4
1073 116 1184 170 619.
1251 111 1300 161 V
1330 117 1369 161 A
1405 114 1447 163 R
1480 117 1501 163 Ι
1531 116 1568 164 Ι.
1704 151 1706 153 -
2102 121 2196 177 679

144 243 231 296 da,
266 253 366 290 tum
401 241 515 290 fixa.
551 259 651 304 qua:
682 259 786 292 eum
813 243 940 290 alcali
966 246 1010 290 in
1026 241 1306 304 substantiam
1331 242 1528 301 partium
1553 245 1753 305 corporis
1783 244 1976 294 humani
2015 246 2193 295 abeant.

146 308 402 355 Humidum
429 308 619 354 radicale
648 320 854 355 veterum
888 305 968 353 else
998 305 1219 352 fermenta
1251 304 1353 351 fixa.
1424 306 1639 354 Volatilia
1673 311 1748 356 illa
1771 312 1821 356 in
1847 312 2029 358 cerebro
2057 313 2193 364 oriri,

149 371 274 431 quod
299 372 478 418 acidum
510 372 743 418 contineat
760 405 772 424 ‚
813 373 854 417 &
876 387 978 416 cum
1007 368 1230 416 farinacea
1254 367 1376 428 pasta
1401 366 1585 422 ferveat,
1618 369 1796 430 spiritus
1826 376 2040 422 animales
2060 377 2198 422 etiam

150 435 303 491 acidos
332 434 427 482 effe.
496 436 599 481 Hoc
632 434 810 480 acidum
838 433 886 478 in
912 433 1045 478 corde
1074 433 1129 478 de
1160 432 1379 492 sanguine
1407 431 1643 486 decedere,
1678 439 1831 483 venire
1856 441 1905 485 in
1934 440 2194 491 cerebrum,

149 498 216 545 ibi
239 499 463 557 depurari.
531 499 644 544 Non
675 497 771 542 dari
798 493 979 541 succum
1016 495 1255 542 nervosum
1272 530 1284 548 ,
1321 512 1469 556 neque
1495 513 1551 542 ex
1574 513 1715 544 nervo
1750 500 1845 546 vivi
1875 504 2082 549 animalis
2110 501 2199 549 dis.

149 560 269 609 secto
299 563 460 608 stillare
493 561 756 620 quidquam.
827 560 881 605 In
917 559 1052 605 corde
1091 576 1187 605 non
1225 558 1306 605 else
1344 561 1522 620 ignem,
1559 558 1633 606 sed
1672 558 2052 612 effervescentiam
2080 568 2201 613 inter

147 625 335 686 spiritus
369 626 517 671 acidos
548 626 589 670 ὃς
610 623 891 684 sanguinem.
963 623 1181 684 Spiritum
1208 621 1390 670 seminis
1414 623 1707 672 vehementer
1730 627 1908 672 acidum
1933 629 2037 682 effe,
2071 628 2200 676 femi·-

150 704 221 738 nae
245 689 396 736 semen
424 688 664 733 alcalinum
684 722 696 741 ,
732 704 781 733 ea
807 685 993 741 fervere,
1029 686 1189 734 similes
1213 689 1453 748 particulas
1477 689 1627 743 uniri,
1677 706 1824 750 neque
1853 691 2018 737 alienas
2049 692 2203 739 adhae-

149 770 247 800 rere
275 752 432 800 alienis
459 751 519 797 ob
549 750 706 813 figurae
734 750 1062 811 disparitatem,
1101 750 1197 798 haec
1226 764 1332 798 ante
1362 769 1573 812 nuperos.
1642 755 1834 800 Acorem
1851 757 2093 801 ventriculi
2123 755 2203 802 esse

151 834 176 864 a
198 816 355 877 spiritu
392 816 588 861 animali.
660 817 853 863 Succum
889 833 914 862 a
944 813 1164 876 sanguine
1195 818 1245 862 in
1277 814 1424 863 fundo
1459 818 1818 865 ventriculorum
1850 819 1997 866 cordis
2037 817 2206 880 depoli-

150 893 251 928 tum
273 880 513 927 alcalinum
542 878 636 926 effe.

279 965 415 1008 Lucas
434 964 639 1008 Antonius·
651 963 875 1009 PORTms
891 996 903 1015 ,
937 958 1157 1008 Professor
1182 962 1231 1008 N
1234 964 1540 1022 eapolitanus²,
1581 964 1958 1013 commentarium
1984 966 2035 1013 in
2058 967 2205 1015 ΗΙΡΡ,

151 1026 202 1074 de
228 1030 368 1072 veteri
396 1025 606 1072 medicina
640 1027 782 1072 edidit
817 1042 921 1071 ann.
951 1030 1101 1078 1681;
1159 1026 1321 1072 deinde
1366 1043 1486 1072 anno
1516 1034 1651 1084 1683.
1691 1029 1898 1077 Venetiis
1934 1032 2080 1078 varias
2123 1029 2210 1077 dis-

150 1090 416 1137 sertationes·
435 1123 446 1142 ,
478 1091 595 1136 inter
615 1106 724 1150 quas
749 1091 864 1136 mult
931 1087 1038 1135 sunt
1070 1089 1124 1135 de
1156 1090 1363 1136 ciborum
1389 1090 1662 1151 digestione,
1710 1110 1846 1153 quam
1874 1095 1930 1140 ad
1965 1092 2207 1141 fermenta-

150 1154 327 1201 tionem
352 1152 512 1206 refert,
549 1166 649 1200 tum
687 1154 741 1199 de
774 1106 922 1200 1:01·ss
957 1165 1116 1205 motu,
1164 1153 1309 1213 deque
1337 1155 1497 1201 nativo
1535 1156 1694 1202 calore.
1763 1159 1820 1204 In
1856 1158 2062 1220 opusculis
2088 1159 2210 1206 Nea-

149 1219 246 1279 poli
275 1230 411 1276 1701.
443 1217 576 1264 editis
606 1217 666 1264 est
697 1218 774 1264 lib.
809 1218 862 1264 de
892 1215 1136 1264 artificiosa
1171 1217 1480 1278 respiratione.
1549 1220 1605 1266 In
1630 1220 1900 1270 BULIFONII
1927 1222 2096 1269 racolta
2121 1222 2191 1269 IV
2192 1256 2208 1268 .

150 1283 299 1329 lettere
327 1283 385 1327 all
409 1286 629 1328 anatomia
651 1286 950 1344 appartenenti
980 1282 1178 1342 Neapoli
1202 1288 1337 1338 1698.
1406 1284 1616 1343 Denique
1641 1282 1737 1332 haec
1755 1287 1910 1332 omnia
1930 1284 2084 1333 recusa
2102 1284 2211 1333 sunt

151 1346 203 1401 in.
230 1345 416 1407 operibus
445 1346 640 1406 Neapoli
668 1350 804 1404 1736.
834 1358 880 1404 4.
913 1344 1084 1393 excusis
1109 1344 1156 1393 *.
1226 1346 1420 1394 Codices
1457 1349 1736 1396 anatomicos
1770 1349 1887 1396 bene
1916 1351 2084 1398 multos
2108 1351 2210 1397 reli=

149 1411 276 1472 quit,
317 1411 557 1457 &lexicon
582 1411 890 1456 anatomicum
917 1411 1117 1458 MOSCA.

241 1556 251 1566 ·
277 1493 335 1603 lp
356 1493 452 1602 Λέξ.
476 1495 593 1563 Nat.
633 1496 734 1541 Cur.
761 1496 867 1539 Dec.
893 1492 952 1541 ΙΙ.
988 1509 1089 1540 ann.
1114 1492 1195 1539 VI.
1228 1491 1309 1555 obs?
1343 1505 1415 1550 19.
1466 1493 1752 1553 Cancrorum
1792 1495 2036 1558 utriusque
2076 1493 2210 1544 sexus

148 1568 302 1619 genita
323 1573 363 1603 13
424 1568 526 1602 1x1t.

280 1638 466 1690 DEROY
488 1672 500 1692 ,
538 1636 780 1700 Chirurgi,
821 1631 873 1686 de
899 1638 944 1687 Ia
967 1651 1125 1688 nature
1146 1639 1217 1687 des
1233 1640 1421 1703 liqueurs
1435 1642 1640 1691 animales
1679 1642 1801 1691 Paris
1825 1643 2206 1699 1681.PORTA1„

145 1702 536 1750 Fermentationes
559 1700 776 1763 sequitur.

283 1786 590 1831 Bonaventura
613 1784 717 1831 PAX
747 1785 852 1846 quid
868 1783 926 1844 fit
950 1785 1073 1844 sonus
1107 1788 1361 1836 Mediolani
1387 1795 1519 1844 1681.
1549 1802 1594 1850 4.
1663 1791 1810 1839 Etiam
1838 1790 1893 1837 ad
1914 1801 2176 1839 anatomen,

285 1865 415 1927 Wolf.
450 1867 756 1914 HELMHARD
784 1884 869 1915 von
893 1869 1191 1919 HOCHBERG
1217 1869 1438 1918 Adeliches
1463 1871 1709 1919 Landleben
1754 1872 1938 1920 Nurnb.
1971 1877 2106 1926 1681.
2130 1870 2210 1919 fot,

134 1929 308 1987 ·3.Vol.
344 1931 387 1977 &
415 1942 551 1988 1715.
573 1928 692 1978 f01.*
757 1931 912 1980 Habet
943 1934 1213 1981 animalium
1244 1935 1594 1984 domesticorum
1619 1938 1661 1984 &
1684 1935 1886 1984 ferorum
1916 1938 2115 1998 aliquam
2145 1936 2214 1985 hi,

149 1994 334 2042 storiam
347 2028 361 2047 ‚
397 1995 736 2056 generationem
749 2029 763 2050 ,
791 2009 996 2058 partum.

278 2075 532 2137 Heidenryk
562 2078 859 2126 OVERKAMP
886 2083 1048 2127 nieuwe
1073 2079 1306 2143 beginselen
1329 2094 1395 2130 tot
1417 2082 1469 2130 de
1495 2097 1641 2145 genees
1674 2100 1723 2130 en
1752 2080 1954 2146 heelkonst
1982 2081 2211 2145 steunende

153 2153 203 2204 op
233 2138 284 2186 de
308 2140 502 2201 granden
529 2140 607 2188 der
629 2143 927 2202 fermentatie,
964 2162 1014 2190 en
1035 2144 1158 2195 dee-ze
1186 2159 1235 2208 op
1263 2147 1330 2194 die
1347 2165 1438 2194 van
1465 2151 1570 2194 Ren.
1599 2148 1898 2194 DESCARTES
1930 2147 2215 2194 Amsterdam

156 2207 294 2258 1681.
323 2215 370 2262 4.
402 2205 441 2250 &
476 2205 747 2265 in‘operum
773 2208 1067 2262 collectione,
1105 2210 1235 2270 cujus
1263 2209 1356 2257 fere
1380 2212 1575 2272 priorem
1604 2223 1775 2272 partem
1807 2209 1963 2258 efficit.
2031 2212 2216 2272 Integra

152 2265 434 2328 physiologia
462 2269 504 2314 &
531 2280 742 2315 anatome
763 2268 1000 2318 viscerum.
1069 2273 1257 2321 Titulus
1285 2287 1497 2322 caeterum
1518 2286 1718 2321 mentem
1746 2276 1834 2321 viri
1860 2276 2102 2335 exprimit,
2134 2278 2213 2333 qui

136 2348 211 2378 cx
237 2331 365 2378 alcali
400 2333 442 2377 &
464 2331 593 2378 acido
620 2335 775 2380 onmia
805 2334 994 2381 derivat.
1065 2337 1335 2386 Germanice
1366 2337 1617 2388 Unterricht
1636 2357 1723 2386 von
1745 2338 1821 2385 der
1855 2339 2042 2393 Geburt,
2089 2336 2213 2386 Nah=

151 2411 266 2457 rung
292 2395 384 2442 und
413 2393 689 2444 chhsthum
711 2397 782 2444 des
803 2397 1032 2459 Menschen
1069 2402 1256 2463 Leipzig
1281 2409 1417 2459 1690.
1448 2410 1490 2458 8.
1528 2404 1575 2448 B.
1600 2403 1719 2451 TIG.

283 2478 340 2524 In
370 2478 447 2524 alle
477 2477 747 2534 medicinale,
779 2479 1062 2544 chirurgicale
1090 2500 1139 2529 en
1162 2482 1499 2547 philosophische
1518 2483 1710 2532 wercken
1744 2483 1963 2532 Amsterd.
1981 2481 2213 2543 16944.ἰβ

153 2541 288 2589 editis
313 2542 579 2589 continetur
606 2543 740 2591 etiam
772 2546 1070 2608 Tafespraatje
1094 2547 1148 2592 de
1176 2549 1307 2595 diaeta
1335 2551 1376 2595 Sc
1406 2549 1651 2595 ventriculi
1676 2547 1858 2604 officio,
1908 2551 1951 2596 &
1987 2564 2215 2595 commen-

153 2605 377 2670 tarius-in
402 2607 689 2656 SANCTORII
716 2609 914 2656 ontdelete
937 2607 1267 2675 nquffeming.
1337 2613 1607 2660 Germanice
1629 2611 1725 2661 haec
1754 2630 1889 2676 opera
1923 2613 2075 2660 onmia
2108 2628 2214 2673 pro-

155 2669 340 2718 dierunt
367 2670 552 2732 Leipzig
576 2684 710 2730 1705.
738 2685 783 2732 4.

178 2812 180 2814 ,
219 2791 252 2822 *3
267 2751 595 2834 ὦηῶῥρῃιζίἕε
608 2752 1014 2818 verhandelingvan
1027 2756 1079 2803 de
1103 2758 1377 2821 voortellinge
1406 2759 1625 2807 Amsterd.
1645 2765 1783 2814 1681.
1810 2765 1850 2813 8,
1876 2760 2212 2806 LAMBERGEN'.

255 2857 262 2865 ¹
280 2835 444 2881 'Traite'
457 2832 683 2898 historique
704 2835 930 2897 &medico
942 2837 1165 2901 -phyfique
1178 2838 1382 2888 touchant
1398 2841 1455 2888 les
1475 2843 1623 2904 enfans
1640 2860 1767 2890 nonv.
1788 2843 1858 2887 ne's
1887 2854 1902 2884 1
1914 2845 1973 2894 68
1984 2853 2003 2885 Ι
2012 2876 2022 2888 .

291 2917 482 2964 William
510 2919 748 2975 SALMON,
801 2921 955 2983 magni
997 2923 1333 2983 compilatoris,
1377 2923 1566 2986 synopsis
1602 2923 1811 2970 medicinae
1831 2955 1843 2974 ,
1883 2938 1933 2968 or
1968 2942 1994 2968 a
2028 2932 2217 2983 compen·

155 2981 275 3031 dium
299 2978 537 3045 ofplwfik,
576 2983 825 3048 chirmgeiy
856 2985 945 3034 and
968 2998 1169 3050 anatomy
1203 2988 1401 3037 London
1422 2995 1557 3045 1681.
1579 2994 1620 3043 8.
1661 2987 1827 3047 GUNZ‚
2138 3049 2175 3097 E

2176 3063 2215 3111 J.
