2556 3442
357 152 473 206 76»
1014 151 1296 198 L13.1.
1393 145 1734 194 GRAECI.

763 272 793 339 Α,
843 282 887 341 §.
925 285 1157 334 XLVII.
1257 278 1478 330 Primus.
1540 283 1915 359 Dioscoamsss.

485 387 830 434 Diosconmsss
851 383 904 429 de
923 381 1194 429 humoribus
1211 380 1474 426 animalium
1500 380 1648 440 aliqua
1671 379 1823 427 habet.
1889 382 2137 442 Caprarum
2159 385 2209 431 in
2240 372 2410 432 monti·

361 449 445 497 bus
471 450 661 512 Justinis
687 461 863 494 veratro
898 450 937 493 ὃς
967 444 1250 491 scammoneo
1281 443 1503 503 pastarum
1535 445 1601 489 lac
1622 446 1775 491 aivum
1800 444 1976 491 ducere.

487 539 696 593 P'LINIUs
723 543 800 591 etsi
832 546 963 602 longe
994 539 1110 586 infra
1141 539 1366 592 Romani,
1416 541 1458 586 &
1488 538 1735 587 consularis
1757 575 1769 594 ,
1816 541 1903 587 viri
1939 541 2208 601 dignitatem
2236 540 2403 596 fuerit,

361 622 606 657 anatomen
631 607 720 654 suis
750 622 951 653 exercere
983 604 1232 655 manubiis,
1272 618 1328 647 ex
1354 615 1559 648 veterum
1587 616 1738 649 tamen
1773 606 1990 657 lectione,
2027 623 2115 665 qua
2136 608 2204 652 vir
2221 607 2408 653 illustris

363 674 606 731 excelluit,
655 669 808 731 paffim
849 667 1164 714 adnotationes
1211 666 1456 711 anatomici
1494 668 1535 712 ἃ
1573 665 1870 727 phyiiologici
1914 672 2167 728 argumenti
2208 671 2405 729 collegit.

362 738 497 783 Libro
528 737 569 779 V
576 736 631 780 II.
664 735 716 780 dc
746 734 929 778 homine
966 731 1089 789 agit,
1138 730 1234 789 ejus
1270 730 1534 781 nativitate,
1582 732 1893 789 longaevitate,
1949 745 2121 784 morte,
2162 731 2405 792 sepultura.

362 800 498 848 Libro
526 799 633 844 IIX.
659 798 710 842 de
741 794 1120 856 quadrupedibus.
1192 793 1328 838 Libro
1356 793 1438 838 IX.
1469 793 1522 838 de
1551 793 1839 852 aquatilibus.
1911 795 2046 840 Libro
2070 796 2130 841 X.
2162 796 2215 841 de
2233 796 2407 842 avibus.

362 864 498 910 Libro
526 862 611 907 XI.
645 860 698 904 de
727 857 902 904 insediis
942 859 984 902 Sc
1013 857 1148 902 variis
1178 858 1220 902 ὃς
1243 857 1507 901 animalium
1533 854 1697 908 succis,
1742 856 1986 904 visceribus
2006 892 2017 910 ,
2068 859 2248 911 nervis,
2294 871 2408 904 arte-

360 927 452 972 riis.
522 924 669 971 Libris
702 921 927 970 XXVIII.
955 920 1138 966 XXIX.
1163 920 1323 966 XXX.
1344 920 1528 966 XXXI.
1561 920 1766 966 XXXII.
1800 921 1853 966 de
1885 922 2092 968 remediis
2121 938 2177 968 ex
2207 922 2427 968 animali-'

360 990 446 1035 bus
476 987 646 1033 sumtis.

487 1083 666 1130 Deinde
691 1080 973 1141 peculiariter
1010 1082 1059 1125 in
1093 1078 1208 1125 libro
1233 1080 1317 1126 XI.
1348 1078 1507 1132 habet,
1545 1079 1643 1139 post
1676 1081 2048 1128 ARISTOTELEM
2068 1116 2081 1134 ‚
2137 1080 2190 1128 de
2219 1079 2406 1141 apibus,

362 1166 417 1196 ex
435 1147 529 1195 solo
552 1163 650 1206 rege
682 1144 886 1205 generari
909 1142 1152 1189 universas.
1225 1143 1335 1188 Inde
1364 1144 1646 1203 peculiariter
1671 1144 1814 1202 capita
1843 1144 2121 1197 animalium,
2160 1147 2201 1190 &
2222 1160 2407 1196 cornua,

365 1217 406 1260 ἃ
442 1213 494 1258 de
528 1210 735 1261 cerebro,
791 1205 918 1253 fonte
945 1205 1139 1267 pulsatili
1166 1205 1344 1252 homini
1380 1208 1592 1266 proprio;
1642 1206 1827 1252 auribus
1858 1206 1908 1252 in
1941 1208 2177 1253 nonnullis
2209 1208 2410 1253 mortali-

362 1277 448 1323 bus
479 1273 752 1324 mobilibus,
789 1271 931 1317 oculis
956 1287 967 1314 :
1004 1270 1058 1315 de
1089 1267 1354 1316 hominibus
1384 1273 1523 1316 noctu
1554 1269 1815 1316 videntibus
1843 1287 1854 1314 ε
1900 1269 1954 1315 de
1983 1270 2211 1323 dentibus,
2250 1286 2411 1316 eorum

363 1340 538 1399 duplice
569 1336 754 1388 ordine,
808 1337 849 1381 δε
881 1335 930 1379 in
966 1332 1141 1379 summo
1173 1331 1296 1378 senio
1332 1335 1626 1394 reparatione.
1698 1334 1767 1378 De
1792 1334 1972 1392 linguan
2025 1334 2158 1380 corde
2183 1367 2196 1386 ‚
2234 1333 2329 1393 ejus
2363 1334 2414 1378 in

365 1401 555 1449 vic'timis
584 1397 809 1451 absentia,
847 1410 948 1444 tum
982 1397 1141 1456 eapitis
1168 1397 1380 1456 jecinoris
1407 1395 1599 1443 defeCIu.
1680 1397 1751 1442 De
1784 1394 1908 1449 felle,
1949 1397 2078 1443 extis.
2168 1397 2414 1444 Ventricu-

361 1468 430 1513 Ios
462 1462 699 1524 elephanto
736 1460 817 1508 effe
852 1472 1070 1520 quatuor,
1120 1473 1280 1506 caetera
1309 1457 1503 1513 viscera,
1550 1476 1649 1520 quae
1690 1457 1795 1506 suis.
1880 1461 1951 1506 De
1976 1461 2190 1514 renibus,
2242 1472 2406 1512 utero,

361 1530 488 1589 adipe
518 1529 559 1573 ἃ
584 1524 715 1578 sebe,
751 1524 974 1576 medulla,
1009 1523 1061 1569 de
1091 1523 1263 1570 arteriis
1298 1541 1397 1583 quae
1422 1522 1641 1584 sanguine
1677 1525 1718 1569 &
1751 1521 1881 1569 sensu
1914 1536 2107 1584 careant.
2175 1524 2246 1569 De
2277 1536 2410 1583 partu

364 1592 656 1642 animalium,
689 1591 730 1635 ἃ
760 1591 884 1635 lacte.
954 1588 1024 1633 De
1055 1603 1220 1639 manu,
1260 1589 1301 1633 &
1332 1585 1557 1648 scdigids,
1591 1587 1643 1632 de
1673 1587 1880 1646 pedibus,
1916 1587 2116 1633 testibus.
2184 1588 2256 1632 De
2280 1602 2408 1639 voce,

361 1657 416 1702 de
455 1653 566 1700 facie
612 1668 715 1699 cum
762 1649 1105 1712 physiognomia
1156 1666 1211 1695 ex
1247 1651 1454 1698 TROGO.
1545 1652 1615 1697 De
1658 1649 1806 1702 fame,
1851 1650 1905 1695 de
1942 1653 2147 1696 cociione
2189 1650 2411 1696 ciborum.

302 1721 309 1723 '
361 1718 612 1766 Fatendum
640 1716 701 1762 est
732 1714 827 1762 fere
853 1715 1007 1760 omnia
1038 1711 1119 1759 effe
1149 1730 1204 1759 ex
1232 1714 1578 1764 ARJSTOTELE.
1646 1711 1814 1760 Evulso
1844 1715 1961 1760 liene
1988 1714 2198 1760 animalia
2216 1711 2412 1769 vixiffe.,

358 1877 390 1925 h
489 1815 545 1861 In
569 1813 706 1922 Lgbro
731 1812 860 1859 VIII.
899 1813 990 1871 (m)
1031 1810 1222 1871 primam
1251 1810 1504 1857 vertebram
1545 1812 1760 1858 atlantem
1802 1809 1920 1862 dici;
1978 1811 2019 1857 &
2052 1807 2208 1871 paffim
2243 1809 2330 1857 alia
2363 1809 2412 1856 in

394 1892 483 1925 unc
514 1894 589 1923 mo
623 1892 715 1923 um.

489 1975 547 2021 In
579 1973 716 2020 Libro
748 1973 810 2019 X.
836 1971 892 2017 de
925 1969 1181 2017 exclusione
1209 1972 1336 2030 pulli.

485 2070 542 2116 In
568 2085 738 2116 errores
766 2069 933 2115 PL1N11
967 2067 1244 2114 anatomicos
1270 2064 1462 2128 scriptus
1488 2065 1549 2113 est
1580 2066 1756 2114 Nicolai
1782 2067 2064 2114 LIONICEM
2092 2066 2206 2113 liber
2230 2065 2312 2112 III.

486 2167 657 2213 Pimn
694 2165 797 2211 libri
822 2177 866 2222 7.
896 2170 938 2217 8.
967 2177 1010 2219 9.
1047 2177 1115 2210 10.
1141 2176 1212 2209 11.
1247 2164 1327 2223 qui
1356 2162 1447 2209 huc
1478 2161 1651 2210 faciunt
1671 2197 1682 2215 ,
1718 2163 1771 2208 ab
1790 2167 1981 2210 Hem-ico
2014 2181 2057 2207 v.
2093 2163 2410 2209 EPPENDORr

362 2233 610 2294 germanice
642 2227 769 2282 verfi,
800 2228 1069 2289 prodierunt
1102 2228 1394 2286 Argentorati
1418 2239 1553 2285 1543.
1581 2228 1624 2273 ὃς
1654 2232 1789 2285 1565.
1821 2223 1899 2273 fol.
1933 2242 2038 2273 curn
2060 2225 2269 2273 iconibus
2286 2223 2412 2272 EGE-

363 2306 691 2343 NOLPHIANJS.

487 2388 618 2437 Liber
649 2388 758 2435 VII.
793 2386 914 2434 solus
933 2422 945 2441 ‚
983 2388 1063 2448 qui
1092 2387 1145 2433 de
1168 2386 1352 2434 homine
1374 2389 1466 2448 agit
1494 2385 1669 2434 Parisiis
1695 2398 1828 2446 1553.
1860 2396 1927 2446 40.
1970 2384 2171 2436 ΜΑῙΤΤ.

484 2485 542 2532 In
572 2484 760 2531 Librum
792 2484 877 2529 IX.
911 2484 966 2530 de
997 2484 1194 2530 naturali
1232 2482 1417 2530 historia
1446 2483 1758 2545 castigationes
1800 2487 1843 2534 &
1876 2485 1932 2531 de
1961 2483 2233 2544 aquatilibus
2271 2482 2410 2529 adno-

359 2552 555 2599 tationes
590 2547 740 2593 Frcmc.
767 2548 1012 2594 MASSARII
1045 2545 1168 2592 Basil.
1192 2558 1327 2605 1542.
1362 2555 1431 2606 4⁰.

488 2645 797 2693 anRoNlmo
831 2644 1054 2692 HUERTA
1101 2644 1263 2689 Alcalae
1298 2648 1429 2689 1602.
1464 2647 1529 2702 4⁰.
1569 2645 1712 2692 edidit
1749 2644 1978 2693 traducion
2011 2642 2063 2691 de
2096 2642 2157 2690 los
2196 2641 2325 2691 libros
2358 2642 2411 2690 de

357 2710 495 2760 Plinio
529 2707 581 2754 de
612 2707 673 2753 los
698 2706 928 2759 animales,
965 2708 1006 2752 &
1034 2707 1062 2752 l.
1088 2720 1134 2762 9.
1163 2706 1215 2752 de
1237 2708 1381 2754 Plinio
1422 2714 1556 2763 1603.

977 2818 1019 2875 §.
1058 2822 1106 2867 Χ
1120 2820 1280 2868 LVII
1295 2822 1328 2869 Ι.
1427 2822 1780 2871 PLUTAchus.

485 2922 586 2967 ILL.
614 2918 730 2970 viri,
772 2916 1017 2964 ADRIANO
1051 2917 1220 2988 coaeyi,
1258 2919 1380 2964 varia
1408 2930 1644 2980 utcunque
1671 2920 1724 2965 ad
1751 2917 2078 2980 physiologiam
2105 2917 2327 2982 spectant,
2355 2929 2409 2966 ut

355 2986 458 3035 duae
484 2983 535 3030 de
561 2982 627 3042 efic,
646 2985 840 3027 carnium
871 2984 1110 3033 orationes,
1146 2994 1197 3026 in
1220 2982 1385 3041 quibus
1409 2998 1564 3030 earum
1590 2982 1727 3033 usum
1755 2983 1989 3032 diss'uadet.
2282 3014 2408 3064 Inter

409 3080 489 3131 (m)
519 3090 558 3119 n.
580 3082 642 3120 26.
