<?xml version="1.0" encoding="UTF-8"?>
<!DOCTYPE html PUBLIC "-//W3C//DTD XHTML 1.0 Transitional//EN"
    "http://www.w3.org/TR/xhtml1/DTD/xhtml1-transitional.dtd">
<html xmlns="http://www.w3.org/1999/xhtml" xml:lang="en" lang="en">
 <head>
  <title>
</title>
<meta http-equiv="Content-Type" content="text/html;charset=utf-8" />
  <meta name='ocr-system' content='tesseract 3.04.00' />
  <meta name='ocr-capabilities' content='ocr_page ocr_carea ocr_par ocr_line ocrx_word'/>
</head>
<body>
  <div class='ocr_page' id='page_1' title='image "bibliothecaanato01hall_0017.png"; bbox 0 0 2556 3442; ppageno 0'>
   <div class='ocr_carea' id='block_1_1' title="bbox 209 70 2272 402">
    <p class='ocr_par' dir='ltr' id='par_1_1' title="bbox 209 70 2272 402">
     <span class='ocr_line' id='line_1_1' title="bbox 677 70 2272 203; baseline 0.001 -25"><span class='ocrx_word' id='word_1_1' title='bbox 677 70 722 189; x_wconf 59' lang='grc' dir='ltr'>ξ.</span> <span class='ocrx_word' id='word_1_2' title='bbox 754 144 793 178; x_wconf 85' lang='lat'>1.</span> <span class='ocrx_word' id='word_1_3' title='bbox 827 139 871 178; x_wconf 84' lang='lat'>2.</span> <span class='ocrx_word' id='word_1_4' title='bbox 904 137 952 184; x_wconf 79' lang='lat'>13·</span> <span class='ocrx_word' id='word_1_5' title='bbox 1010 125 1316 183; x_wconf 85' lang='lat' dir='ltr'>FONTES</span> <span class='ocrx_word' id='word_1_6' title='bbox 1377 127 1816 185; x_wconf 88' lang='lat' dir='ltr'>ANATOMES.</span> <span class='ocrx_word' id='word_1_7' title='bbox 2249 159 2272 203; x_wconf 64' lang='lat'><em>3</em></span> 
     </span>
     <span class='ocr_line' id='line_1_2' title="bbox 209 261 2271 336; baseline -0.01 -12"><span class='ocrx_word' id='word_1_8' title='bbox 209 273 411 336; x_wconf 64' lang='lat' dir='ltr'>unguis.</span> <span class='ocrx_word' id='word_1_9' title='bbox 476 270 624 318; x_wconf 81' lang='lat' dir='ltr'>Portae</span> <span class='ocrx_word' id='word_1_10' title='bbox 647 283 744 314; x_wconf 83' lang='lat' dir='ltr'>non</span> <span class='ocrx_word' id='word_1_11' title='bbox 766 266 899 314; x_wconf 86' lang='lat' dir='ltr'>aliam</span> <span class='ocrx_word' id='word_1_12' title='bbox 927 263 1150 325; x_wconf 76' lang='lat' dir='ltr'><strong>originem</strong></span> <span class='ocrx_word' id='word_1_13' title='bbox 1175 261 1436 318; x_wconf 82' lang='lat' dir='ltr'>habuerunt</span> <span class='ocrx_word' id='word_1_14' title='bbox 1465 265 1566 327; x_wconf 68' lang='lat' dir='ltr'>(k).</span> <span class='ocrx_word' id='word_1_15' title='bbox 1645 268 1795 328; x_wconf 84' lang='lat' dir='ltr'>Caput</span> <span class='ocrx_word' id='word_1_16' title='bbox 1826 270 1998 334; x_wconf 61' lang='lat' dir='ltr'>hepatis</span> <span class='ocrx_word' id='word_1_17' title='bbox 2035 267 2271 330; x_wconf 41' lang='lat' dir='ltr'>defidffissdsfi</span> 
     </span>
     <span class='ocr_line' id='line_1_3' title="bbox 227 326 1199 402; baseline -0.014 -15"><span class='ocrx_word' id='word_1_18' title='bbox 227 355 312 402; x_wconf 72' lang='lat' dir='ltr'>pro</span> <span class='ocrx_word' id='word_1_19' title='bbox 339 331 652 386; x_wconf 84' lang='lat' dir='ltr'>infaustiffimo</span> <span class='ocrx_word' id='word_1_20' title='bbox 681 328 806 391; x_wconf 86' lang='lat' dir='ltr'>figno</span> <span class='ocrx_word' id='word_1_21' title='bbox 834 327 1056 374; x_wconf 77' lang='lat' dir='ltr'>habeatur</span> <span class='ocrx_word' id='word_1_22' title='bbox 1088 326 1141 385; x_wconf 88' lang='lat' dir='ltr'>(l</span> <span class='ocrx_word' id='word_1_23' title='bbox 1148 328 1199 384; x_wconf 91' lang='lat'>).</span> 
     </span>
    </p>
   </div>
   <div class='ocr_carea' id='block_1_2' title="bbox 224 423 2275 744">
    <p class='ocr_par' dir='ltr' id='par_1_2' title="bbox 224 423 2275 744">
     <span class='ocr_line' id='line_1_4' title="bbox 359 423 2269 492; baseline 0.003 -11"><span class='ocrx_word' id='word_1_24' title='bbox 359 431 444 481; x_wconf 87' lang='lat' dir='ltr'>Sed</span> <span class='ocrx_word' id='word_1_25' title='bbox 467 427 682 490; x_wconf 84' lang='lat' dir='ltr'>paulatim</span> <span class='ocrx_word' id='word_1_26' title='bbox 713 427 756 471; x_wconf 90' lang='lat'>&amp;</span> <span class='ocrx_word' id='word_1_27' title='bbox 781 424 838 471; x_wconf 85' lang='lat' dir='ltr'>ad</span> <span class='ocrx_word' id='word_1_28' title='bbox 858 425 1032 485; x_wconf 86' lang='lat' dir='ltr'>reliqua</span> <span class='ocrx_word' id='word_1_29' title='bbox 1061 423 1230 472; x_wconf 85' lang='lat' dir='ltr'>viscera</span> <span class='ocrx_word' id='word_1_30' title='bbox 1263 425 1495 474; x_wconf 84' lang='lat' dir='ltr'>curiositas</span> <span class='ocrx_word' id='word_1_31' title='bbox 1527 427 1618 486; x_wconf 90' lang='lat' dir='ltr'>(m)</span> <span class='ocrx_word' id='word_1_32' title='bbox 1651 427 1933 481; x_wconf 77' lang='lat' dir='ltr'>sacerdotum</span> <span class='ocrx_word' id='word_1_33' title='bbox 1961 434 2004 482; x_wconf 76' lang='lat' dir='ltr'>se</span> <span class='ocrx_word' id='word_1_34' title='bbox 2030 444 2232 492; x_wconf 64' lang='lat' dir='ltr'>extendit</span> <span class='ocrx_word' id='word_1_35' title='bbox 2257 465 2269 491; x_wconf 62' lang='grc' dir='ltr'>ι</span> 
     </span>
     <span class='ocr_line' id='line_1_5' title="bbox 227 487 2271 566; baseline -0.007 -21"><span class='ocrx_word' id='word_1_36' title='bbox 227 514 308 545; x_wconf 79' lang='lat' dir='ltr'>eor</span> <span class='ocrx_word' id='word_1_37' title='bbox 334 494 532 542; x_wconf 87' lang='lat' dir='ltr'>Romani</span> <span class='ocrx_word' id='word_1_38' title='bbox 559 492 740 537; x_wconf 88' lang='lat' dir='ltr'>demum</span> <span class='ocrx_word' id='word_1_39' title='bbox 770 488 934 549; x_wconf 78' lang='lat' dir='ltr'>Pyrrhi</span> <span class='ocrx_word' id='word_1_40' title='bbox 972 500 1174 549; x_wconf 89' lang='lat' dir='ltr'>tempore</span> <span class='ocrx_word' id='word_1_41' title='bbox 1200 487 1417 549; x_wconf 87' lang='lat' dir='ltr'>speculari</span> <span class='ocrx_word' id='word_1_42' title='bbox 1460 505 1680 553; x_wconf 88' lang='lat' dir='ltr'>ceperunt</span> <span class='ocrx_word' id='word_1_43' title='bbox 1713 494 1862 555; x_wconf 80' lang='lat' dir='ltr'>(m*),</span> <span class='ocrx_word' id='word_1_44' title='bbox 1948 499 2057 558; x_wconf 52' lang='grc' dir='ltr'>ῙΡΓΕε</span> <span class='ocrx_word' id='word_1_45' title='bbox 2079 503 2271 566; x_wconf 40' lang='lat' dir='ltr'>deniq&amp;</span> 
     </span>
     <span class='ocr_line' id='line_1_6' title="bbox 227 552 2275 627; baseline 0.004 -21"><span class='ocrx_word' id='word_1_46' title='bbox 227 560 465 618; x_wconf 84' lang='lat' dir='ltr'>omoplatae</span> <span class='ocrx_word' id='word_1_47' title='bbox 496 552 620 601; x_wconf 80' lang='lat' dir='ltr'>offeae</span> <span class='ocrx_word' id='word_1_48' title='bbox 645 553 801 598; x_wconf 83' lang='lat' dir='ltr'>avium</span> <span class='ocrx_word' id='word_1_49' title='bbox 835 553 879 599; x_wconf 81' lang='lat'>&amp;</span> <span class='ocrx_word' id='word_1_50' title='bbox 915 568 1139 613; x_wconf 85' lang='lat' dir='ltr'>agnorum</span> <span class='ocrx_word' id='word_1_51' title='bbox 1167 552 1223 598; x_wconf 91' lang='lat' dir='ltr'>ad</span> <span class='ocrx_word' id='word_1_52' title='bbox 1249 553 1582 601; x_wconf 86' lang='lat' dir='ltr'>divinationem</span> <span class='ocrx_word' id='word_1_53' title='bbox 1605 554 1817 605; x_wconf 63' lang='lat' dir='ltr'>adhibitae</span> <span class='ocrx_word' id='word_1_54' title='bbox 1841 558 2028 609; x_wconf 85' lang='lat' dir='ltr'>fuerunt</span> <span class='ocrx_word' id='word_1_55' title='bbox 2048 597 2060 616; x_wconf 93' lang='lat'>,</span> <span class='ocrx_word' id='word_1_56' title='bbox 2098 567 2151 612; x_wconf 79' lang='lat' dir='ltr'>de</span> <span class='ocrx_word' id='word_1_57' title='bbox 2176 572 2275 627; x_wconf 75' lang='lat' dir='ltr'>qui-</span> 
     </span>
     <span class='ocr_line' id='line_1_7' title="bbox 224 616 2273 681; baseline 0.001 -12"><span class='ocrx_word' id='word_1_58' title='bbox 224 621 312 669; x_wconf 86' lang='lat' dir='ltr'>bus</span> <span class='ocrx_word' id='word_1_59' title='bbox 337 619 542 681; x_wconf 87' lang='lat' dir='ltr'>proprius</span> <span class='ocrx_word' id='word_1_60' title='bbox 562 617 852 663; x_wconf 80' lang='lat' dir='ltr'>MICHAELIS</span> <span class='ocrx_word' id='word_1_61' title='bbox 877 617 1052 663; x_wconf 82' lang='lat' dir='ltr'>PsELLl</span> <span class='ocrx_word' id='word_1_62' title='bbox 1073 616 1184 663; x_wconf 89' lang='lat' dir='ltr'>liber</span> <span class='ocrx_word' id='word_1_63' title='bbox 1207 616 1348 664; x_wconf 81' lang='lat' dir='ltr'>exstet</span> <span class='ocrx_word' id='word_1_64' title='bbox 1382 618 1456 676; x_wconf 86' lang='lat' dir='ltr'>(n)</span> <span class='ocrx_word' id='word_1_65' title='bbox 1472 652 1484 673; x_wconf 90' lang='lat'>‚</span> <span class='ocrx_word' id='word_1_66' title='bbox 1527 621 1569 665; x_wconf 88' lang='lat'>&amp;</span> <span class='ocrx_word' id='word_1_67' title='bbox 1595 637 1732 680; x_wconf 88' lang='lat' dir='ltr'>quam</span> <span class='ocrx_word' id='word_1_68' title='bbox 1761 623 2090 674; x_wconf 79' lang='lat' dir='ltr'>divinationem</span> <span class='ocrx_word' id='word_1_69' title='bbox 2110 631 2273 678; x_wconf 66' lang='lat' dir='ltr'>Arabes</span> 
     </span>
     <span class='ocr_line' id='line_1_8' title="bbox 224 677 1236 744; baseline -0.006 -12"><span class='ocrx_word' id='word_1_70' title='bbox 224 684 408 744; x_wconf 84' lang='lat' dir='ltr'>proprio</span> <span class='ocrx_word' id='word_1_71' title='bbox 429 680 616 727; x_wconf 84' lang='lat' dir='ltr'>nomine</span> <span class='ocrx_word' id='word_1_72' title='bbox 639 677 773 740; x_wconf 81' lang='lat' dir='ltr'>ahtaf</span> <span class='ocrx_word' id='word_1_73' title='bbox 786 677 1105 741; x_wconf 81' lang='lat' dir='ltr'>infigniverint</span> <span class='ocrx_word' id='word_1_74' title='bbox 1135 679 1208 739; x_wconf 85' lang='grc' dir='ltr'>(ο)</span> <span class='ocrx_word' id='word_1_75' title='bbox 1224 716 1236 726; x_wconf 92' lang='grc'><strong>.</strong></span> 
     </span>
    </p>
   </div>
   <div class='ocr_carea' id='block_1_3' title="bbox 211 774 2279 1027">
    <p class='ocr_par' dir='ltr' id='par_1_3' title="bbox 211 774 2279 1027">
     <span class='ocr_line' id='line_1_9' title="bbox 346 774 2279 848; baseline 0.003 -25"><span class='ocrx_word' id='word_1_76' title='bbox 346 775 548 824; x_wconf 85' lang='lat' dir='ltr'>Ministri</span> <span class='ocrx_word' id='word_1_77' title='bbox 586 774 851 836; x_wconf 85' lang='lat' dir='ltr'>extispicum</span> <span class='ocrx_word' id='word_1_78' title='bbox 895 776 929 822; x_wconf 87' lang='lat' dir='ltr'>ii</span> <span class='ocrx_word' id='word_1_79' title='bbox 966 774 1046 836; x_wconf 83' lang='lat' dir='ltr'>ipfi</span> <span class='ocrx_word' id='word_1_80' title='bbox 1094 777 1229 836; x_wconf 87' lang='lat' dir='ltr'>coqui</span> <span class='ocrx_word' id='word_1_81' title='bbox 1276 775 1466 827; x_wconf 86' lang='lat' dir='ltr'>fuerunt</span> <span class='ocrx_word' id='word_1_82' title='bbox 1499 782 1521 836; x_wconf 89' lang='grc'>(</span> <span class='ocrx_word' id='word_1_83' title='bbox 1528 780 1620 842; x_wconf 84' lang='lat' dir='ltr'>p),</span> <span class='ocrx_word' id='word_1_84' title='bbox 1677 799 1875 843; x_wconf 89' lang='lat' dir='ltr'>quorum</span> <span class='ocrx_word' id='word_1_85' title='bbox 1912 788 2062 848; x_wconf 87' lang='lat' dir='ltr'>aliqua</span> <span class='ocrx_word' id='word_1_86' title='bbox 2109 787 2160 834; x_wconf 86' lang='lat' dir='ltr'>in</span> <span class='ocrx_word' id='word_1_87' title='bbox 2205 787 2279 835; x_wconf 77' lang='lat' dir='ltr'>de-</span> 
     </span>
     <span class='ocr_line' id='line_1_10' title="bbox 222 839 2279 912; baseline 0.005 -24"><span class='ocrx_word' id='word_1_88' title='bbox 222 841 460 904; x_wconf 87' lang='lat' dir='ltr'>glubendis</span> <span class='ocrx_word' id='word_1_89' title='bbox 493 842 535 886; x_wconf 87' lang='lat'>&amp;</span> <span class='ocrx_word' id='word_1_90' title='bbox 561 839 811 900; x_wconf 84' lang='lat' dir='ltr'>aperiendis</span> <span class='ocrx_word' id='word_1_91' title='bbox 837 839 1137 893; x_wconf 80' lang='lat' dir='ltr'>animalibus,</span> <span class='ocrx_word' id='word_1_92' title='bbox 1170 842 1310 900; x_wconf 89' lang='lat' dir='ltr'>inque</span> <span class='ocrx_word' id='word_1_93' title='bbox 1342 859 1500 889; x_wconf 89' lang='lat' dir='ltr'>eorum</span> <span class='ocrx_word' id='word_1_94' title='bbox 1528 846 1652 891; x_wconf 90' lang='lat' dir='ltr'>bono</span> <span class='ocrx_word' id='word_1_95' title='bbox 1679 848 1938 908; x_wconf 78' lang='lat' dir='ltr'>malignove</span> <span class='ocrx_word' id='word_1_96' title='bbox 1967 851 2083 898; x_wconf 84' lang='lat' dir='ltr'>statu</span> <span class='ocrx_word' id='word_1_97' title='bbox 2114 851 2279 912; x_wconf 84' lang='lat' dir='ltr'>dijudi-</span> 
     </span>
     <span class='ocr_line' id='line_1_11' title="bbox 211 901 2275 968; baseline 0.006 -17"><span class='ocrx_word' id='word_1_98' title='bbox 211 904 366 952; x_wconf 86' lang='lat' dir='ltr'>-cando</span> <span class='ocrx_word' id='word_1_99' title='bbox 395 904 553 964; x_wconf 89' lang='lat' dir='ltr'>peritia</span> <span class='ocrx_word' id='word_1_100' title='bbox 579 901 929 963; x_wconf 46' lang='lat' dir='ltr'>exspecffabatur.</span> <span class='ocrx_word' id='word_1_101' title='bbox 1001 905 1094 951; x_wconf 87' lang='lat' dir='ltr'>Cor</span> <span class='ocrx_word' id='word_1_102' title='bbox 1113 905 1317 960; x_wconf 86' lang='lat' dir='ltr'>evellere,</span> <span class='ocrx_word' id='word_1_103' title='bbox 1356 923 1378 952; x_wconf 92' lang='lat' dir='ltr'>e</span> <span class='ocrx_word' id='word_1_104' title='bbox 1401 907 1522 968; x_wconf 82' lang='lat' dir='ltr'>lege,</span> <span class='ocrx_word' id='word_1_105' title='bbox 1552 925 1635 968; x_wconf 87' lang='lat' dir='ltr'>pro</span> <span class='ocrx_word' id='word_1_106' title='bbox 1667 909 1908 960; x_wconf 80' lang='lat' dir='ltr'>artificiosa</span> <span class='ocrx_word' id='word_1_107' title='bbox 1932 913 2180 962; x_wconf 80' lang='lat' dir='ltr'>habebatur</span> <span class='ocrx_word' id='word_1_108' title='bbox 2200 917 2275 963; x_wconf 74' lang='lat' dir='ltr'>ad-</span> 
     </span>
     <span class='ocr_line' id='line_1_12' title="bbox 223 965 695 1027; baseline -0.004 -12"><span class='ocrx_word' id='word_1_109' title='bbox 223 967 556 1015; x_wconf 83' lang='lat' dir='ltr'>ministratione</span> <span class='ocrx_word' id='word_1_110' title='bbox 594 965 695 1027; x_wconf 83' lang='lat' dir='ltr'>(q).</span> 
     </span>
    </p>
   </div>
   <div class='ocr_carea' id='block_1_4' title="bbox 218 1061 2281 1444">
    <p class='ocr_par' dir='ltr' id='par_1_4' title="bbox 218 1061 2281 1444">
     <span class='ocr_line' id='line_1_13' title="bbox 347 1061 2279 1135; baseline 0.005 -24"><span class='ocrx_word' id='word_1_111' title='bbox 347 1063 590 1112; x_wconf 84' lang='lat' dir='ltr'>Peruviani</span> <span class='ocrx_word' id='word_1_112' title='bbox 617 1065 751 1124; x_wconf 82' lang='lat' dir='ltr'>paulo</span> <span class='ocrx_word' id='word_1_113' title='bbox 776 1065 897 1110; x_wconf 84' lang='lat' dir='ltr'>ultra</span> <span class='ocrx_word' id='word_1_114' title='bbox 923 1061 1167 1110; x_wconf 67' lang='lat' dir='ltr'>sectionem</span> <span class='ocrx_word' id='word_1_115' title='bbox 1194 1064 1435 1128; x_wconf 77' lang='lat' dir='ltr'>simplicem</span> <span class='ocrx_word' id='word_1_116' title='bbox 1467 1069 1679 1130; x_wconf 85' lang='lat' dir='ltr'>progreffi</span> <span class='ocrx_word' id='word_1_117' title='bbox 1696 1107 1708 1125; x_wconf 91' lang='lat'>,</span> <span class='ocrx_word' id='word_1_118' title='bbox 1746 1090 1824 1134; x_wconf 88' lang='lat' dir='ltr'>per</span> <span class='ocrx_word' id='word_1_119' title='bbox 1846 1073 2044 1135; x_wconf 83' lang='lat' dir='ltr'>asperam</span> <span class='ocrx_word' id='word_1_120' title='bbox 2071 1080 2279 1126; x_wconf 78' lang='lat' dir='ltr'>arteriam</span> 
     </span>
     <span class='ocr_line' id='line_1_14' title="bbox 220 1127 2281 1203; baseline 0.004 -27"><span class='ocrx_word' id='word_1_121' title='bbox 220 1128 378 1176; x_wconf 83' lang='lat' dir='ltr'>flatum</span> <span class='ocrx_word' id='word_1_122' title='bbox 404 1128 455 1173; x_wconf 88' lang='lat' dir='ltr'>in</span> <span class='ocrx_word' id='word_1_123' title='bbox 477 1129 740 1187; x_wconf 86' lang='lat' dir='ltr'>pulmonem</span> <span class='ocrx_word' id='word_1_124' title='bbox 764 1127 1084 1186; x_wconf 71' lang='lat' dir='ltr'>impellebant,</span> <span class='ocrx_word' id='word_1_125' title='bbox 1123 1131 1164 1175; x_wconf 82' lang='lat'>&amp;</span> <span class='ocrx_word' id='word_1_126' title='bbox 1190 1128 1268 1176; x_wconf 87' lang='lat' dir='ltr'>sua</span> <span class='ocrx_word' id='word_1_127' title='bbox 1294 1129 1504 1192; x_wconf 72' lang='lat' dir='ltr'>praesagia</span> <span class='ocrx_word' id='word_1_128' title='bbox 1530 1137 1772 1193; x_wconf 82' lang='lat' dir='ltr'>captabant</span> <span class='ocrx_word' id='word_1_129' title='bbox 1805 1136 1877 1195; x_wconf 79' lang='lat' dir='ltr'>(r)</span> <span class='ocrx_word' id='word_1_130' title='bbox 1894 1173 1905 1191; x_wconf 87' lang='lat'>,</span> <span class='ocrx_word' id='word_1_131' title='bbox 1944 1152 1997 1186; x_wconf 89' lang='lat' dir='ltr'>ut</span> <span class='ocrx_word' id='word_1_132' title='bbox 2027 1158 2153 1188; x_wconf 80' lang='lat' dir='ltr'>venae</span> <span class='ocrx_word' id='word_1_133' title='bbox 2180 1145 2281 1203; x_wconf 83' lang='lat' dir='ltr'>pul-</span> 
     </span>
     <span class='ocr_line' id='line_1_15' title="bbox 218 1189 2281 1258; baseline 0.008 -20"><span class='ocrx_word' id='word_1_134' title='bbox 218 1192 370 1238; x_wconf 86' lang='lat' dir='ltr'>monis</span> <span class='ocrx_word' id='word_1_135' title='bbox 401 1189 714 1237; x_wconf 84' lang='lat' dir='ltr'>tumescerent.</span> <span class='ocrx_word' id='word_1_136' title='bbox 802 1189 1015 1237; x_wconf 67' lang='lat' dir='ltr'>Praesedta</span> <span class='ocrx_word' id='word_1_137' title='bbox 1041 1192 1240 1238; x_wconf 79' lang='lat' dir='ltr'>medulla</span> <span class='ocrx_word' id='word_1_138' title='bbox 1263 1192 1426 1253; x_wconf 68' lang='lat' dir='ltr'>spinuli</span> <span class='ocrx_word' id='word_1_139' title='bbox 1452 1198 1621 1243; x_wconf 87' lang='lat' dir='ltr'>animal</span> <span class='ocrx_word' id='word_1_140' title='bbox 1647 1201 1883 1247; x_wconf 83' lang='lat' dir='ltr'>concidere</span> <span class='ocrx_word' id='word_1_141' title='bbox 1906 1204 2140 1258; x_wconf 85' lang='lat' dir='ltr'>innotuit,</span> <span class='ocrx_word' id='word_1_142' title='bbox 2176 1223 2281 1254; x_wconf 89' lang='lat' dir='ltr'>cum</span> 
     </span>
     <span class='ocr_line' id='line_1_16' title="bbox 221 1252 2280 1328; baseline 0.004 -26"><span class='ocrx_word' id='word_1_143' title='bbox 221 1271 274 1302; x_wconf 85' lang='lat' dir='ltr'>eo</span> <span class='ocrx_word' id='word_1_144' title='bbox 301 1252 582 1315; x_wconf 85' lang='lat' dir='ltr'>potiffimum</span> <span class='ocrx_word' id='word_1_145' title='bbox 616 1255 805 1300; x_wconf 88' lang='lat' dir='ltr'>vulnere</span> <span class='ocrx_word' id='word_1_146' title='bbox 833 1255 973 1300; x_wconf 83' lang='lat' dir='ltr'>boves</span> <span class='ocrx_word' id='word_1_147' title='bbox 998 1255 1119 1302; x_wconf 88' lang='lat' dir='ltr'>DIIS</span> <span class='ocrx_word' id='word_1_148' title='bbox 1153 1257 1329 1304; x_wconf 83' lang='lat' dir='ltr'>oblatos</span> <span class='ocrx_word' id='word_1_149' title='bbox 1361 1275 1543 1305; x_wconf 87' lang='lat' dir='ltr'>enecare</span> <span class='ocrx_word' id='word_1_150' title='bbox 1578 1265 1716 1309; x_wconf 86' lang='lat' dir='ltr'>moris</span> <span class='ocrx_word' id='word_1_151' title='bbox 1748 1263 1849 1311; x_wconf 83' lang='lat' dir='ltr'>effet</span> <span class='ocrx_word' id='word_1_152' title='bbox 1883 1266 1975 1320; x_wconf 81' lang='lat' dir='ltr'>(s).</span> <span class='ocrx_word' id='word_1_153' title='bbox 2043 1267 2130 1328; x_wconf 85' lang='lat' dir='ltr'>Ipfi</span> <span class='ocrx_word' id='word_1_154' title='bbox 2162 1271 2280 1317; x_wconf 72' lang='lat' dir='ltr'>Hot-</span> 
     </span>
     <span class='ocr_line' id='line_1_17' title="bbox 220 1314 2276 1392; baseline 0.008 -27"><span class='ocrx_word' id='word_1_155' title='bbox 220 1319 432 1370; x_wconf 87' lang='lat' dir='ltr'>tentotti,</span> <span class='ocrx_word' id='word_1_156' title='bbox 469 1314 567 1362; x_wconf 79' lang='lat' dir='ltr'>non</span> <span class='ocrx_word' id='word_1_157' title='bbox 599 1317 793 1363; x_wconf 86' lang='lat' dir='ltr'>celebres</span> <span class='ocrx_word' id='word_1_158' title='bbox 821 1316 1042 1371; x_wconf 84' lang='lat' dir='ltr'>artifices,</span> <span class='ocrx_word' id='word_1_159' title='bbox 1078 1320 1291 1366; x_wconf 84' lang='lat' dir='ltr'>animalia</span> <span class='ocrx_word' id='word_1_160' title='bbox 1321 1320 1432 1368; x_wconf 89' lang='lat' dir='ltr'>dum</span> <span class='ocrx_word' id='word_1_161' title='bbox 1464 1324 1704 1380; x_wconf 84' lang='lat' dir='ltr'>occidunt,</span> <span class='ocrx_word' id='word_1_162' title='bbox 1752 1326 1924 1375; x_wconf 84' lang='lat' dir='ltr'>curiose</span> <span class='ocrx_word' id='word_1_163' title='bbox 1954 1327 2242 1392; x_wconf 73' lang='lat' dir='ltr'>speculantur</span> <span class='ocrx_word' id='word_1_164' title='bbox 2262 1368 2276 1388; x_wconf 88' lang='lat'>,</span> 
     </span>
     <span class='ocr_line' id='line_1_18' title="bbox 221 1380 1391 1444; baseline 0.001 -14"><span class='ocrx_word' id='word_1_165' title='bbox 221 1383 264 1429; x_wconf 85' lang='lat'>&amp;</span> <span class='ocrx_word' id='word_1_166' title='bbox 294 1381 441 1430; x_wconf 81' lang='lat' dir='ltr'>cordis</span> <span class='ocrx_word' id='word_1_167' title='bbox 475 1392 655 1428; x_wconf 88' lang='lat' dir='ltr'>motum</span> <span class='ocrx_word' id='word_1_168' title='bbox 694 1380 867 1428; x_wconf 86' lang='lat' dir='ltr'>adtenti</span> <span class='ocrx_word' id='word_1_169' title='bbox 895 1385 1262 1444; x_wconf 78' lang='lat' dir='ltr'>contemplantur</span> <span class='ocrx_word' id='word_1_170' title='bbox 1298 1384 1391 1444; x_wconf 80' lang='lat' dir='ltr'>(t).</span> 
     </span>
    </p>
   </div>
   <div class='ocr_carea' id='block_1_5' title="bbox 883 1510 1589 1569">
    <p class='ocr_par' dir='ltr' id='par_1_5' title="bbox 883 1510 1589 1569">
     <span class='ocr_line' id='line_1_19' title="bbox 883 1510 1589 1569; baseline 0.013 -10"><span class='ocrx_word' id='word_1_171' title='bbox 883 1510 926 1569; x_wconf 63' lang='lat'>5.</span> <span class='ocrx_word' id='word_1_172' title='bbox 973 1513 1069 1560; x_wconf 91' lang='lat' dir='ltr'>IV.</span> <span class='ocrx_word' id='word_1_173' title='bbox 1177 1516 1355 1565; x_wconf 51' lang='lat' dir='ltr'>Vicvimae</span> <span class='ocrx_word' id='word_1_174' title='bbox 1388 1515 1589 1567; x_wconf 77' lang='lat' dir='ltr'>humanae.</span> 
     </span>
    </p>
   </div>
   <div class='ocr_carea' id='block_1_6' title="bbox 214 1613 2281 2135">
    <p class='ocr_par' dir='ltr' id='par_1_6' title="bbox 214 1613 2281 2135">
     <span class='ocr_line' id='line_1_20' title="bbox 345 1613 2280 1680; baseline 0.009 -17"><span class='ocrx_word' id='word_1_175' title='bbox 345 1613 658 1664; x_wconf 84' lang='lat' dir='ltr'>Crudeliffima</span> <span class='ocrx_word' id='word_1_176' title='bbox 694 1614 1063 1676; x_wconf 82' lang='lat' dir='ltr'>superstitionum</span> <span class='ocrx_word' id='word_1_177' title='bbox 1096 1618 1142 1664; x_wconf 90' lang='lat' dir='ltr'>id</span> <span class='ocrx_word' id='word_1_178' title='bbox 1179 1631 1332 1667; x_wconf 87' lang='lat' dir='ltr'>tamen</span> <span class='ocrx_word' id='word_1_179' title='bbox 1363 1620 1581 1671; x_wconf 61' lang='lat' dir='ltr'>hactenus</span> <span class='ocrx_word' id='word_1_180' title='bbox 1618 1623 1781 1674; x_wconf 86' lang='lat' dir='ltr'>habuit</span> <span class='ocrx_word' id='word_1_181' title='bbox 1815 1628 1869 1675; x_wconf 86' lang='lat' dir='ltr'>ad</span> <span class='ocrx_word' id='word_1_182' title='bbox 1900 1629 2178 1678; x_wconf 87' lang='lat' dir='ltr'>incrementa</span> <span class='ocrx_word' id='word_1_183' title='bbox 2215 1630 2280 1680; x_wconf 82' lang='lat' dir='ltr'>fa-</span> 
     </span>
     <span class='ocr_line' id='line_1_21' title="bbox 217 1681 2280 1756; baseline 0.008 -28"><span class='ocrx_word' id='word_1_184' title='bbox 217 1682 397 1728; x_wconf 66' lang='lat' dir='ltr'>&amp;urum</span> <span class='ocrx_word' id='word_1_185' title='bbox 429 1683 701 1733; x_wconf 85' lang='lat' dir='ltr'>Anatomes,</span> <span class='ocrx_word' id='word_1_186' title='bbox 757 1682 882 1739; x_wconf 92' lang='lat' dir='ltr'>quod</span> <span class='ocrx_word' id='word_1_187' title='bbox 916 1683 966 1727; x_wconf 88' lang='lat' dir='ltr'>in</span> <span class='ocrx_word' id='word_1_188' title='bbox 1001 1681 1187 1728; x_wconf 87' lang='lat' dir='ltr'>homine</span> <span class='ocrx_word' id='word_1_189' title='bbox 1233 1701 1281 1730; x_wconf 88' lang='lat' dir='ltr'>ca</span> <span class='ocrx_word' id='word_1_190' title='bbox 1311 1685 1582 1741; x_wconf 81' lang='lat' dir='ltr'>ostenderit,</span> <span class='ocrx_word' id='word_1_191' title='bbox 1631 1707 1731 1749; x_wconf 72' lang='lat' dir='ltr'>quae</span> <span class='ocrx_word' id='word_1_192' title='bbox 1764 1694 1915 1752; x_wconf 87' lang='lat' dir='ltr'>priora</span> <span class='ocrx_word' id='word_1_193' title='bbox 1942 1695 2020 1741; x_wconf 84' lang='lat' dir='ltr'>illa</span> <span class='ocrx_word' id='word_1_194' title='bbox 2049 1694 2280 1756; x_wconf 81' lang='lat' dir='ltr'>extispicia</span> 
     </span>
     <span class='ocr_line' id='line_1_22' title="bbox 215 1743 2278 1816; baseline 0.007 -25"><span class='ocrx_word' id='word_1_195' title='bbox 215 1746 266 1792; x_wconf 89' lang='lat' dir='ltr'>in</span> <span class='ocrx_word' id='word_1_196' title='bbox 300 1743 588 1790; x_wconf 75' lang='lat' dir='ltr'>animalibus.</span> <span class='ocrx_word' id='word_1_197' title='bbox 656 1744 982 1804; x_wconf 73' lang='lat' dir='ltr'>Perantiquum</span> <span class='ocrx_word' id='word_1_198' title='bbox 1017 1763 1125 1792; x_wconf 81' lang='lat' dir='ltr'>veru</span> <span class='ocrx_word' id='word_1_199' title='bbox 1161 1746 1275 1801; x_wconf 85' lang='lat' dir='ltr'>fuit,</span> <span class='ocrx_word' id='word_1_200' title='bbox 1328 1751 1369 1795; x_wconf 81' lang='lat'>&amp;</span> <span class='ocrx_word' id='word_1_201' title='bbox 1400 1751 1522 1810; x_wconf 90' lang='lat' dir='ltr'>apud</span> <span class='ocrx_word' id='word_1_202' title='bbox 1557 1755 1790 1814; x_wconf 84' lang='lat' dir='ltr'>plerasque</span> <span class='ocrx_word' id='word_1_203' title='bbox 1827 1769 1981 1816; x_wconf 80' lang='lat' dir='ltr'>gentes</span> <span class='ocrx_word' id='word_1_204' title='bbox 2009 1792 2020 1811; x_wconf 86' lang='lat'>,</span> <span class='ocrx_word' id='word_1_205' title='bbox 2070 1757 2278 1807; x_wconf 85' lang='lat' dir='ltr'>homines</span> 
     </span>
     <span class='ocr_line' id='line_1_23' title="bbox 216 1805 2281 1874; baseline 0.008 -20"><span class='ocrx_word' id='word_1_206' title='bbox 216 1808 477 1860; x_wconf 90' lang='lat' dir='ltr'>immolare,</span> <span class='ocrx_word' id='word_1_207' title='bbox 526 1805 616 1853; x_wconf 86' lang='lat' dir='ltr'>five</span> <span class='ocrx_word' id='word_1_208' title='bbox 645 1819 701 1853; x_wconf 89' lang='lat' dir='ltr'>ut</span> <span class='ocrx_word' id='word_1_209' title='bbox 726 1823 935 1854; x_wconf 83' lang='lat' dir='ltr'>carorum</span> <span class='ocrx_word' id='word_1_210' title='bbox 966 1811 1217 1857; x_wconf 86' lang='lat' dir='ltr'>amicorum</span> <span class='ocrx_word' id='word_1_211' title='bbox 1256 1828 1415 1858; x_wconf 87' lang='lat' dir='ltr'>necem</span> <span class='ocrx_word' id='word_1_212' title='bbox 1451 1812 1707 1874; x_wconf 81' lang='lat' dir='ltr'>superstites</span> <span class='ocrx_word' id='word_1_213' title='bbox 1738 1820 2053 1874; x_wconf 86' lang='lat' dir='ltr'>vindicarent,</span> <span class='ocrx_word' id='word_1_214' title='bbox 2098 1821 2187 1868; x_wconf 83' lang='lat' dir='ltr'>five</span> <span class='ocrx_word' id='word_1_215' title='bbox 2226 1837 2281 1870; x_wconf 76' lang='lat' dir='ltr'>ut</span> 
     </span>
     <span class='ocr_line' id='line_1_24' title="bbox 216 1871 2279 1945; baseline 0.009 -30"><span class='ocrx_word' id='word_1_216' title='bbox 216 1871 382 1918; x_wconf 91' lang='lat' dir='ltr'>DEOS</span> <span class='ocrx_word' id='word_1_217' title='bbox 409 1871 665 1931; x_wconf 77' lang='lat' dir='ltr'>placarent,</span> <span class='ocrx_word' id='word_1_218' title='bbox 705 1873 883 1930; x_wconf 80' lang='lat' dir='ltr'>quoties</span> <span class='ocrx_word' id='word_1_219' title='bbox 906 1873 1009 1919; x_wconf 84' lang='lat' dir='ltr'>illos</span> <span class='ocrx_word' id='word_1_220' title='bbox 1045 1887 1207 1933; x_wconf 83' lang='lat' dir='ltr'>praeter</span> <span class='ocrx_word' id='word_1_221' title='bbox 1238 1876 1434 1923; x_wconf 87' lang='lat' dir='ltr'>modum</span> <span class='ocrx_word' id='word_1_222' title='bbox 1468 1878 1606 1926; x_wconf 83' lang='lat' dir='ltr'>iratos</span> <span class='ocrx_word' id='word_1_223' title='bbox 1633 1879 1713 1927; x_wconf 83' lang='lat' dir='ltr'>effe</span> <span class='ocrx_word' id='word_1_224' title='bbox 1743 1899 1798 1933; x_wconf 82' lang='lat' dir='ltr'>ex</span> <span class='ocrx_word' id='word_1_225' title='bbox 1829 1884 2010 1943; x_wconf 75' lang='lat' dir='ltr'>publica</span> <span class='ocrx_word' id='word_1_226' title='bbox 2032 1886 2182 1945; x_wconf 85' lang='lat' dir='ltr'>aliqua</span> <span class='ocrx_word' id='word_1_227' title='bbox 2209 1903 2279 1933; x_wconf 90' lang='lat' dir='ltr'>ca-</span> 
     </span>
     <span class='ocr_line' id='line_1_25' title="bbox 214 1932 2275 2008; baseline 0.008 -28"><span class='ocrx_word' id='word_1_228' title='bbox 214 1934 414 1981; x_wconf 81' lang='lat' dir='ltr'>lamitate</span> <span class='ocrx_word' id='word_1_229' title='bbox 433 1932 829 1993; x_wconf 79' lang='lat' dir='ltr'>persuadebantur.</span> <span class='ocrx_word' id='word_1_230' title='bbox 900 1938 1085 1983; x_wconf 80' lang='lat' dir='ltr'>CELTAE</span> <span class='ocrx_word' id='word_1_231' title='bbox 1115 1942 1188 1995; x_wconf 81' lang='lat' dir='ltr'>(u)</span> <span class='ocrx_word' id='word_1_232' title='bbox 1227 1937 1463 1986; x_wconf 87' lang='lat' dir='ltr'>hominem</span> <span class='ocrx_word' id='word_1_233' title='bbox 1486 1942 1774 1992; x_wconf 85' lang='lat' dir='ltr'>immolantes</span> <span class='ocrx_word' id='word_1_234' title='bbox 1793 1963 1848 1992; x_wconf 87' lang='lat' dir='ltr'>ex</span> <span class='ocrx_word' id='word_1_235' title='bbox 1869 1945 2102 2008; x_wconf 82' lang='lat' dir='ltr'>sanguinis</span> <span class='ocrx_word' id='word_1_236' title='bbox 2131 1950 2275 2003; x_wconf 80' lang='lat' dir='ltr'>fluxu,</span> 
     </span>
     <span class='ocr_line' id='line_1_26' title="bbox 216 1999 2280 2069; baseline 0.009 -27"><span class='ocrx_word' id='word_1_237' title='bbox 216 2013 273 2043; x_wconf 85' lang='lat' dir='ltr'>ex</span> <span class='ocrx_word' id='word_1_238' title='bbox 310 1999 616 2043; x_wconf 85' lang='lat' dir='ltr'>membrorum</span> <span class='ocrx_word' id='word_1_239' title='bbox 647 2000 942 2053; x_wconf 83' lang='lat' dir='ltr'>laceratione,</span> <span class='ocrx_word' id='word_1_240' title='bbox 981 1999 1162 2048; x_wconf 81' lang='lat' dir='ltr'>futuros</span> <span class='ocrx_word' id='word_1_241' title='bbox 1196 2014 1387 2050; x_wconf 88' lang='lat' dir='ltr'>eventus</span> <span class='ocrx_word' id='word_1_242' title='bbox 1418 2007 1742 2064; x_wconf 65' lang='lat' dir='ltr'>praevidebant.</span> <span class='ocrx_word' id='word_1_243' title='bbox 1814 2011 2062 2058; x_wconf 73' lang='lat' dir='ltr'>LUSITANz</span> <span class='ocrx_word' id='word_1_244' title='bbox 2111 2014 2187 2069; x_wconf 69' lang='lat' dir='ltr'>(x)</span> <span class='ocrx_word' id='word_1_245' title='bbox 2224 2031 2280 2060; x_wconf 81' lang='lat' dir='ltr'>ex</span> 
     </span>
     <span class='ocr_line' id='line_1_27' title="bbox 214 2059 2280 2135; baseline 0.008 -28"><span class='ocrx_word' id='word_1_246' title='bbox 214 2060 439 2108; x_wconf 85' lang='lat' dir='ltr'>intestinis</span> <span class='ocrx_word' id='word_1_247' title='bbox 474 2059 716 2107; x_wconf 85' lang='lat' dir='ltr'>hominum</span> <span class='ocrx_word' id='word_1_248' title='bbox 750 2062 1029 2110; x_wconf 68' lang='lat' dir='ltr'>divinabant,</span> <span class='ocrx_word' id='word_1_249' title='bbox 1115 2067 1329 2113; x_wconf 48' lang='lat' dir='ltr'>Scir-ruffi</span> <span class='ocrx_word' id='word_1_250' title='bbox 1361 2070 1446 2127; x_wconf 78' lang='lat' dir='ltr'>(y)</span> <span class='ocrx_word' id='word_1_251' title='bbox 1479 2068 1628 2116; x_wconf 86' lang='lat' dir='ltr'>hostes</span> <span class='ocrx_word' id='word_1_252' title='bbox 1657 2074 1978 2128; x_wconf 78' lang='lat' dir='ltr'>excoriabant,</span> <span class='ocrx_word' id='word_1_253' title='bbox 2030 2078 2164 2135; x_wconf 81' lang='lat' dir='ltr'>pelles</span> <span class='ocrx_word' id='word_1_254' title='bbox 2198 2079 2280 2123; x_wconf 56' lang='lat' dir='ltr'>cir«</span> 
     </span>
    </p>
   </div>
   <div class='ocr_carea' id='block_1_7' title="bbox 215 2122 2277 2252">
    <p class='ocr_par' dir='ltr' id='par_1_7' title="bbox 215 2122 2277 2252">
     <span class='ocr_line' id='line_1_28' title="bbox 217 2122 2277 2201; baseline 0.009 -32"><span class='ocrx_word' id='word_1_255' title='bbox 217 2122 552 2177; x_wconf 82' lang='lat' dir='ltr'>cumferebant,</span> <span class='ocrx_word' id='word_1_256' title='bbox 603 2124 766 2170; x_wconf 84' lang='lat' dir='ltr'>craniis</span> <span class='ocrx_word' id='word_1_257' title='bbox 804 2124 972 2173; x_wconf 79' lang='lat' dir='ltr'>siccatis</span> <span class='ocrx_word' id='word_1_258' title='bbox 1003 2127 1058 2173; x_wconf 86' lang='lat' dir='ltr'>ad</span> <span class='ocrx_word' id='word_1_259' title='bbox 1097 2130 1373 2188; x_wconf 85' lang='lat' dir='ltr'>poculorum</span> <span class='ocrx_word' id='word_1_260' title='bbox 1404 2132 1595 2181; x_wconf 86' lang='lat' dir='ltr'>modum</span> <span class='ocrx_word' id='word_1_261' title='bbox 1629 2137 1906 2188; x_wconf 79' lang='lat' dir='ltr'>utebantur:</span> <span class='ocrx_word' id='word_1_262' title='bbox 1960 2155 2059 2200; x_wconf 71' lang='lat' dir='ltr'>quae</span> <span class='ocrx_word' id='word_1_263' title='bbox 2094 2140 2277 2201; x_wconf 85' lang='lat' dir='ltr'>quidem</span> 
     </span>
     <span class='ocr_line' id='line_1_29' title="bbox 215 2188 1230 2252; baseline 0.007 -19"><span class='ocrx_word' id='word_1_264' title='bbox 215 2188 456 2235; x_wconf 82' lang='lat' dir='ltr'>crudelitas</span> <span class='ocrx_word' id='word_1_265' title='bbox 483 2188 604 2248; x_wconf 84' lang='lat' dir='ltr'>apud</span> <span class='ocrx_word' id='word_1_266' title='bbox 636 2188 963 2249; x_wconf 84' lang='lat' dir='ltr'>Longobardos</span> <span class='ocrx_word' id='word_1_267' title='bbox 994 2189 1230 2252; x_wconf 80' lang='lat' dir='ltr'>superfuit.</span> 
     </span>
    </p>
   </div>
   <div class='ocr_carea' id='block_1_8' title="bbox 268 2290 2276 2393">
    <p class='ocr_par' dir='ltr' id='par_1_8' title="bbox 268 2290 2276 2393">
     <span class='ocr_line' id='line_1_30' title="bbox 268 2290 2276 2393; baseline -0.02 -7"><span class='ocrx_word' id='word_1_268' title='bbox 268 2345 335 2393; x_wconf 58' lang='lat' dir='ltr'>(kl</span> <span class='ocrx_word' id='word_1_269' title='bbox 366 2344 562 2391; x_wconf 63' lang='lat' dir='ltr'>Hnsrcn.</span> <span class='ocrx_word' id='word_1_270' title='bbox 1227 2290 1266 2339; x_wconf 72' lang='lat' dir='ltr'>A</span> <span class='ocrx_word' id='word_1_271' title='bbox 1300 2301 1329 2341; x_wconf 67' lang='lat'><em>2</em></span> <span class='ocrx_word' id='word_1_272' title='bbox 2129 2300 2276 2348; x_wconf 71' lang='lat' dir='ltr'>Mem-</span> 
     </span>
    </p>
   </div>
   <div class='ocr_carea' id='block_1_9' title="bbox 217 2396 1302 3074">
    <p class='ocr_par' dir='ltr' id='par_1_9' title="bbox 217 2396 1302 3074">
     <span class='ocr_line' id='line_1_31' title="bbox 267 2396 794 2455; baseline 0.013 -19"><span class='ocrx_word' id='word_1_273' title='bbox 267 2396 318 2446; x_wconf 68' lang='lat' dir='ltr'>(ll</span> <span class='ocrx_word' id='word_1_274' title='bbox 357 2398 475 2438; x_wconf 74' lang='grc' dir='ltr'>ΡιιΝ.</span> <span class='ocrx_word' id='word_1_275' title='bbox 509 2400 551 2440; x_wconf 91' lang='lat' dir='ltr'>L.</span> <span class='ocrx_word' id='word_1_276' title='bbox 573 2400 643 2441; x_wconf 80' lang='lat' dir='ltr'>Xl.</span> <span class='ocrx_word' id='word_1_277' title='bbox 674 2415 712 2442; x_wconf 91' lang='lat' dir='ltr'>n.</span> <span class='ocrx_word' id='word_1_278' title='bbox 732 2414 794 2455; x_wconf 87' lang='lat'>73.</span> 
     </span>
     <span class='ocr_line' id='line_1_32' title="bbox 267 2451 715 2497; baseline 0.009 -9"><span class='ocrx_word' id='word_1_279' title='bbox 267 2451 346 2497; x_wconf 76' lang='lat' dir='ltr'>(m)</span> <span class='ocrx_word' id='word_1_280' title='bbox 376 2463 412 2489; x_wconf 89' lang='lat' dir='ltr'>v.</span> <span class='ocrx_word' id='word_1_281' title='bbox 439 2452 715 2493; x_wconf 70' lang='lat' dir='ltr'>HART&#39;MANN.</span> 
     </span>
     <span class='ocr_line' id='line_1_33' title="bbox 217 2501 896 2556; baseline 0.009 -17"><span class='ocrx_word' id='word_1_282' title='bbox 217 2525 220 2527; x_wconf 19' lang='grc' dir='ltr'><strong>Α</strong></span> <span class='ocrx_word' id='word_1_283' title='bbox 267 2501 366 2547; x_wconf 64' lang='grc' dir='ltr'>(ω’)</span> <span class='ocrx_word' id='word_1_284' title='bbox 394 2503 573 2543; x_wconf 74' lang='grc' dir='ltr'>ΡιιΝιυε</span> <span class='ocrx_word' id='word_1_285' title='bbox 603 2504 642 2544; x_wconf 94' lang='lat' dir='ltr'>L.</span> <span class='ocrx_word' id='word_1_286' title='bbox 664 2505 732 2545; x_wconf 88' lang='lat' dir='ltr'>Xl.</span> <span class='ocrx_word' id='word_1_287' title='bbox 766 2519 804 2544; x_wconf 86' lang='lat' dir='ltr'>n.</span> <span class='ocrx_word' id='word_1_288' title='bbox 834 2518 896 2556; x_wconf 80' lang='lat'>71.</span> 
     </span>
     <span class='ocr_line' id='line_1_34' title="bbox 264 2554 1302 2614; baseline 0.013 -22"><span class='ocrx_word' id='word_1_289' title='bbox 264 2555 330 2602; x_wconf 82' lang='lat' dir='ltr'>(n)</span> <span class='ocrx_word' id='word_1_290' title='bbox 360 2554 402 2593; x_wconf 82' lang='lat' dir='ltr'>ln</span> <span class='ocrx_word' id='word_1_291' title='bbox 432 2556 476 2595; x_wconf 83' lang='lat' dir='ltr'>B.</span> <span class='ocrx_word' id='word_1_292' title='bbox 517 2559 730 2597; x_wconf 66' lang='lat' dir='ltr'>deolvon.</span> <span class='ocrx_word' id='word_1_293' title='bbox 767 2558 955 2603; x_wconf 74' lang='lat' dir='ltr'>LAMBEC.</span> <span class='ocrx_word' id='word_1_294' title='bbox 983 2559 1024 2606; x_wconf 78' lang='lat' dir='ltr'>L.</span> <span class='ocrx_word' id='word_1_295' title='bbox 1047 2560 1131 2603; x_wconf 85' lang='lat' dir='ltr'>VII.</span> <span class='ocrx_word' id='word_1_296' title='bbox 1157 2575 1194 2614; x_wconf 77' lang='lat' dir='ltr'>p,</span> <span class='ocrx_word' id='word_1_297' title='bbox 1214 2575 1302 2614; x_wconf 82' lang='lat'>224.</span> 
     </span>
     <span class='ocr_line' id='line_1_35' title="bbox 265 2605 832 2655; baseline 0.009 -10"><span class='ocrx_word' id='word_1_298' title='bbox 265 2605 325 2652; x_wconf 63' lang='lat' dir='ltr'>(ol</span> <span class='ocrx_word' id='word_1_299' title='bbox 356 2607 597 2648; x_wconf 63' lang='lat' dir='ltr'>Humum.</span> <span class='ocrx_word' id='word_1_300' title='bbox 639 2610 736 2649; x_wconf 79' lang='lat' dir='ltr'>Bihl.</span> <span class='ocrx_word' id='word_1_301' title='bbox 766 2612 832 2655; x_wconf 72' lang='lat' dir='ltr'>Or.</span> 
     </span>
     <span class='ocr_line' id='line_1_36' title="bbox 263 2659 1138 2708; baseline 0.014 -12"><span class='ocrx_word' id='word_1_302' title='bbox 263 2659 327 2708; x_wconf 88' lang='lat' dir='ltr'>(p)</span> <span class='ocrx_word' id='word_1_303' title='bbox 355 2660 601 2699; x_wconf 60' lang='lat' dir='ltr'>Avnnxffius</span> <span class='ocrx_word' id='word_1_304' title='bbox 637 2661 678 2701; x_wconf 91' lang='lat' dir='ltr'>L.</span> <span class='ocrx_word' id='word_1_305' title='bbox 714 2662 813 2705; x_wconf 74' lang='lat' dir='ltr'>xlv,</span> <span class='ocrx_word' id='word_1_306' title='bbox 1121 2686 1138 2693; x_wconf 65' lang='lat'><em>„</em></span> 
     </span>
     <span class='ocr_line' id='line_1_37' title="bbox 263 2709 1157 2765; baseline 0.013 -15"><span class='ocrx_word' id='word_1_307' title='bbox 263 2709 325 2760; x_wconf 71' lang='lat' dir='ltr'>(ql</span> <span class='ocrx_word' id='word_1_308' title='bbox 358 2710 519 2751; x_wconf 68' lang='lat' dir='ltr'>GALEN.</span> <span class='ocrx_word' id='word_1_309' title='bbox 552 2715 656 2755; x_wconf 76' lang='lat' dir='ltr'>Plac.</span> <span class='ocrx_word' id='word_1_310' title='bbox 687 2717 788 2765; x_wconf 82' lang='lat' dir='ltr'>hipp.</span> <span class='ocrx_word' id='word_1_311' title='bbox 817 2717 867 2765; x_wconf 60' lang='lat'>&amp;⁹</span> <span class='ocrx_word' id='word_1_312' title='bbox 892 2718 993 2760; x_wconf 76' lang='lat' dir='ltr'>Plat.</span> <span class='ocrx_word' id='word_1_313' title='bbox 1031 2719 1070 2760; x_wconf 82' lang='lat' dir='ltr'>L.</span> <span class='ocrx_word' id='word_1_314' title='bbox 1092 2719 1157 2762; x_wconf 86' lang='lat' dir='ltr'>VI.</span> 
     </span>
     <span class='ocr_line' id='line_1_38' title="bbox 263 2761 1300 2824; baseline 0.014 -23"><span class='ocrx_word' id='word_1_315' title='bbox 263 2761 319 2811; x_wconf 84' lang='lat' dir='ltr'>(r)</span> <span class='ocrx_word' id='word_1_316' title='bbox 345 2763 564 2804; x_wconf 74' lang='lat' dir='ltr'>LAMBERT.</span> <span class='ocrx_word' id='word_1_317' title='bbox 595 2766 676 2816; x_wconf 60' lang='lat' dir='ltr'>hg&#39;sff,</span> <span class='ocrx_word' id='word_1_318' title='bbox 703 2771 766 2806; x_wconf 67' lang='lat' dir='ltr'>des</span> <span class='ocrx_word' id='word_1_319' title='bbox 791 2772 914 2818; x_wconf 75' lang='lat' dir='ltr'>pettpl.</span> <span class='ocrx_word' id='word_1_320' title='bbox 945 2770 985 2816; x_wconf 67' lang='lat' dir='ltr'>L.</span> <span class='ocrx_word' id='word_1_321' title='bbox 1008 2771 1117 2812; x_wconf 78' lang='lat' dir='ltr'>XIII.</span> <span class='ocrx_word' id='word_1_322' title='bbox 1152 2785 1190 2824; x_wconf 80' lang='lat' dir='ltr'>p.</span> <span class='ocrx_word' id='word_1_323' title='bbox 1209 2785 1300 2824; x_wconf 66' lang='lat'>294.</span> 
     </span>
     <span class='ocr_line' id='line_1_39' title="bbox 260 2814 817 2862; baseline 0.018 -10"><span class='ocrx_word' id='word_1_324' title='bbox 260 2814 316 2860; x_wconf 63' lang='lat' dir='ltr'>(s)</span> <span class='ocrx_word' id='word_1_325' title='bbox 348 2815 527 2859; x_wconf 74' lang='lat' dir='ltr'>OssrnAs.</span> <span class='ocrx_word' id='word_1_326' title='bbox 560 2818 602 2859; x_wconf 79' lang='lat' dir='ltr'>L.</span> <span class='ocrx_word' id='word_1_327' title='bbox 626 2819 817 2862; x_wconf 80' lang='lat' dir='ltr'>XXXIV.</span> 
     </span>
     <span class='ocr_line' id='line_1_40' title="bbox 263 2864 785 2923; baseline 0.019 -19"><span class='ocrx_word' id='word_1_328' title='bbox 263 2864 315 2913; x_wconf 87' lang='lat' dir='ltr'>(t)</span> <span class='ocrx_word' id='word_1_329' title='bbox 344 2867 485 2906; x_wconf 68' lang='lat' dir='ltr'>Korn</span> <span class='ocrx_word' id='word_1_330' title='bbox 519 2869 545 2908; x_wconf 89' lang='lat' dir='ltr'><strong>P</strong></span> <span class='ocrx_word' id='word_1_331' title='bbox 578 2870 594 2909; x_wconf 94' lang='lat' dir='ltr'>I</span> <span class='ocrx_word' id='word_1_332' title='bbox 638 2885 676 2921; x_wconf 87' lang='lat' dir='ltr'>p.</span> <span class='ocrx_word' id='word_1_333' title='bbox 703 2885 785 2923; x_wconf 83' lang='lat'>323.</span> 
     </span>
     <span class='ocr_line' id='line_1_41' title="bbox 258 2918 967 2979; baseline 0.024 -25"><span class='ocrx_word' id='word_1_334' title='bbox 258 2919 322 2965; x_wconf 76' lang='grc' dir='ltr'>(μ)</span> <span class='ocrx_word' id='word_1_335' title='bbox 352 2918 533 2962; x_wconf 61' lang='grc' dir='ltr'>ὓιουοκ.</span> <span class='ocrx_word' id='word_1_336' title='bbox 558 2923 704 2967; x_wconf 63' lang='lat' dir='ltr'>chuc.</span> <span class='ocrx_word' id='word_1_337' title='bbox 736 2925 776 2965; x_wconf 93' lang='lat' dir='ltr'>L.</span> <span class='ocrx_word' id='word_1_338' title='bbox 792 2925 835 2972; x_wconf 82' lang='lat' dir='ltr'>V.</span> <span class='ocrx_word' id='word_1_339' title='bbox 867 2939 900 2968; x_wconf 81' lang='lat' dir='ltr'>c.</span> <span class='ocrx_word' id='word_1_340' title='bbox 929 2943 967 2979; x_wconf 77' lang='grc'>9.</span> 
     </span>
     <span class='ocr_line' id='line_1_42' title="bbox 259 2968 827 3015; baseline 0.016 -8"><span class='ocrx_word' id='word_1_341' title='bbox 259 2968 323 3015; x_wconf 58' lang='grc' dir='ltr'>(3(Ὶ</span> <span class='ocrx_word' id='word_1_342' title='bbox 356 2971 526 3012; x_wconf 60' lang='lat' dir='ltr'>Sumo</span> <span class='ocrx_word' id='word_1_343' title='bbox 562 2973 590 3013; x_wconf 91' lang='lat' dir='ltr'>L</span> <span class='ocrx_word' id='word_1_344' title='bbox 623 2975 689 3014; x_wconf 76' lang='lat' dir='ltr'>lll.</span> <span class='ocrx_word' id='word_1_345' title='bbox 814 2982 827 3000; x_wconf 69' lang='lat'>²·</span> 
     </span>
     <span class='ocr_line' id='line_1_43' title="bbox 261 3020 729 3074; baseline 0.021 -13"><span class='ocrx_word' id='word_1_346' title='bbox 261 3020 323 3072; x_wconf 76' lang='lat' dir='ltr'>(y)</span> <span class='ocrx_word' id='word_1_347' title='bbox 349 3020 570 3072; x_wconf 62' lang='grc' dir='ltr'>Ιίιῑιιοοοτ,</span> <span class='ocrx_word' id='word_1_348' title='bbox 603 3026 644 3074; x_wconf 82' lang='lat' dir='ltr'>L,</span> <span class='ocrx_word' id='word_1_349' title='bbox 664 3028 729 3074; x_wconf 77' lang='lat' dir='ltr'>lv.</span> 
     </span>
    </p>
   </div>
  </div>
 </body>
</html>
