2556 3442
311 136 407 192 466
683 131 822 179 ΜΒ.
874 133 957 181 Vl.
1024 129 1486 184 AJNIMALIUM
1535 127 1998 181 mclslours.

313 271 387 306 tea
413 255 581 305 sactum
612 255 773 305 fuerat.
841 258 1114 306 Idvnimium
1150 261 1379 321 linguam,
1426 258 1584 306 dentes
1608 260 1649 305 &
1673 259 1861 305 uvulam
1877 257 2023 318 figura
2044 255 2124 305 sua
2145 258 2368 308 charad'tess

312 338 407 368 rem
438 323 712 381 exprimere,
748 339 840 383 quo
869 324 1052 369 Hebraei
1089 340 1315 384 quamque
1353 325 1528 371 literam
1574 322 1840 384 depingunt.
1910 323 1979 368 Ex
2017 320 2100 368 hac
2132 323 2365 370 literarum

310 386 605 445 generatione
626 386 776 433 noster
808 387 1023 447 exponit,
1057 400 1112 434 ut
1136 387 1281 448 poffit‘
1296 386 1458 434 surdus
1487 387 1676 445 doceri,
1698 386 1809 432 dum
1850 401 2011 445 nempe
2045 383 2176 432 discit
2207 387 2365 446 lingua

312 448 391 496 sua
418 466 644 510 quamque
669 450 843 497 literam
866 451 1135 497 Hebraicam
1158 453 1339 498 imitari.
1408 452 1596 512 Organa
1625 451 1757 497 etiam
1785 452 1908 496 vocis
1925 451 1967 495 δε
1987 450 2179 509 loquelae
2204 449 2365 496 descri-

311 513 395 560 bit.
465 513 663 561 Surdum
687 513 922 561 hominem
955 515 1074 560 intra
1101 525 1172 560 20.
1202 515 1321 561 diem
1350 532 1376 561 a
1414 513 1456 561 se
1486 513 1582 575 ipso
1622 513 1816 560 didiciii'e
1857 515 2170 574 pronuntiare.
2240 511 2365 561 Mira

310 576 519 637 quaedam
545 577 768 624 accedunt
799 578 850 623 de
876 577 1039 623 robore
1073 577 1126 622 ab
1146 585 1250 623 aere
1279 578 1504 637 pendente
1521 612 1534 631 ,
1570 578 1713 638 deque
1740 578 1853 623 aeris
1878 577 2176 623 circulatione
2192 592 2269 637 per
2292 576 2367 622 ab-

312 642 508 695 domen,
545 658 622 701 per
644 654 796 694 artus,
831 652 882 687 ut
906 642 1072 686 iterum
1104 641 1154 685 in
1185 642 1450 699 pulmonem
1476 641 1642 688 redeat.
1713 641 1926 701 Undique
1966 641 2137 700 aliquid
2176 641 2226 686 in
2270 656 2368 686 cor-

311 720 398 765 pus
427 706 624 751 animale
649 721 704 750 ex
731 713 829 750 aere
862 701 1065 754 adtrahi,
1113 703 1247 749 etiam
1281 719 1357 762 per
1388 704 1608 763 capillos:
1658 705 1712 750 de
1741 721 1901 751 eorum
1938 716 2101 751 natura
2141 719 2369 751 cornuum

312 769 515 830 analoga.
585 769 658 814 De
683 765 934 827 sympathia
967 767 1009 812 &
1039 764 1332 812 similitudine
1358 764 1538 812 fetuum
1568 779 1703 827 atque
1729 780 1983 828 parentum.

440 867 613 926 EJUSD.
643 864 751 912 sunt
771 863 839 910 the
856 862 1111 925 paradoxal
1135 863 1364 923 descomjes
1396 864 1450 925 of
1468 865 1515 911 F.
1544 866 1609 911 M.
1635 883 1724 912 van
1744 867 2005 914 HELMONT
2027 871 2276 929 concerning
2298 864 2368 914 the

312 930 565 989 nmcrocofin
605 929 694 975 and
732 927 970 986 microcofin
990 962 1002 980 ,
1050 944 1100 974 or
1135 926 1205 973 the
1241 940 1417 988 greater
1452 927 1543 974 and
1565 926 1683 989 lcffir
1720 929 1859 975 world
1887 930 1976 975 and
2000 928 2110 977 their
2136 935 2282 984 union,
2302 932 2370 991 set

313 994 439 1040 down
467 997 511 1038 in
541 995 719 1054 writing
743 991 795 1051 by
820 992 861 1053 J.
896 993 942 1037 B.
978 991 1177 1037 London
1208 997 1344 1049 1685.
1371 994 1468 1050 4³¹².
1534 988 1713 1052 Belgice
1751 990 1862 1038 vers.
1902 1008 1926 1038 a
1958 994 2010 1038 C.
2037 994 2091 1041 K.
2124 994 2372 1055 paradoxa!

312 1056 523 1116 discourse
551 1055 636 1117 oste
662 1071 903 1117 ongemeene
926 1059 1166 1117 meeningen
1178 1072 1267 1101 van
1293 1055 1346 1101 de
1362 1066 1513 1117 groote
1529 1073 1579 1102 en
1603 1053 1749 1116 kleyne
1771 1054 1932 1102 wereld
1963 1053 2056 1110 &a
2092 1057 2372 1106 Amsterdam

319 1128 453 1176 1693.
491 1131 560 1166 12.
596 1120 928 1166 v.BEUG1{EM.
999 1120 1268 1165 Germanice
1298 1119 1557 1166 Paradoxal
1586 1119 1802 1178 discours,
1845 1118 1949 1166 oder
1985 1124 2227 1180 ungemeine
2257 1126 2372 1168 Mei..

313 1202 478 1246 morgen
492 1201 572 1229 von
595 1183 672 1230 der
679 1180 842 1245 gro-[len
863 1182 955 1229 und
963 1181 1124 1229 kleinen
1143 1188 1204 1230 W
1202 1184 1259 1229 elt
1271 1183 1362 1229 und
1373 1182 1582 1241 detfilben
1602 1188 1883 1245 Vereinigung
1916 1183 2156 1243 Hamburg
2171 1189 2304 1239 1691.
2326 1191 2370 1239 8.

313 1249 463 1296 Mirus
504 1248 646 1301 liber,
694 1249 739 1294 &
773 1262 870 1293 non
909 1249 1103 1293 alterum
1140 1244 1329 1293 similem
1369 1248 1659 1293 inventurus.
1757 1248 1910 1294 Multa
1949 1245 2119 1292 semina
2155 1249 2369 1307 nuperio-

312 1329 415 1358 rum
446 1311 718 1372 opinionum
748 1309 823 1357 hic
852 1310 1061 1372 reperias.
1152 1311 1304 1357 Primo
1332 1310 1387 1357 de
1418 1309 1751 1364 macrocosmo,
1791 1327 1933 1371 pauca
1959 1310 2144 1356 adnoto.
2214 1311 2373 1358 Vitam

314 1374 396 1422 esse
413 1409 426 1428 ,
463 1375 595 1421 etiam
629 1376 680 1421 in
709 1373 886 1436 singulo
923 1391 1064 1436 grano
1100 1391 1260 1421 arenae.
1352 1375 1570 1435 Spiritum
1595 1375 1758 1421 mundi
1782 1374 1832 1421 in
1860 1374 2006 1435 lapide
2030 1372 2232 1421 habitare
2255 1392 2268 1421 ε
2317 1391 2371 1422 eo

315 1438 538 1486 destruc‘lo
572 1439 766 1500 lapidem
789 1440 840 1485 in
864 1451 1030 1485 terram
1055 1437 1206 1492 abire,
1243 1455 1344 1499 quae
1369 1455 1493 1485 novo
1520 1451 1652 1499 partu
1681 1440 1730 1484 in
1757 1440 1961 1499 plantam
1986 1436 2067 1485 fiat
2089 1450 2169 1485 aut
2195 1440 2246 1485 in
2275 1439 2373 1486 ani-

313 1505 430 1557 mal,
469 1505 510 1550 &
542 1520 598 1549 ex
627 1501 839 1550 diffoluto
863 1503 1055 1549 animale
1071 1501 1345 1556 renascatur,
1380 1515 1597 1564 perpetua
1623 1502 1926 1549 revolutione.
1996 1502 2053 1549 In
2074 1501 2372 1549 microcosmo

312 1566 460 1614 nihilo
485 1567 637 1614 minus
668 1566 949 1628 paradoxus‚
982 1567 1032 1612 in
1061 1567 1162 1613 viro
1189 1567 1493 1622 dormientem
1517 1565 1732 1613 feminam
1754 1569 1891 1613 latere
1919 1565 2080 1619 docet3
2117 1569 2168 1614 in
2202 1564 2375 1613 femina

313 1647 483 1692 marem
506 1631 805 1678 dormientem
823 1665 835 1684 ,
872 1630 996 1691 quod
1017 1629 1203 1690 quidem
1232 1632 1282 1677 in
1311 1631 1468 1677 multis
1497 1631 1660 1690 plantis
1698 1642 1901 1677 accurate
1929 1646 2087 1676 verum
2120 1629 2208 1684 est,
2258 1646 2371 1691 quas

314 1696 564 1743 LINNAEUS
582 1708 717 1742 vocat
743 1695 939 1741 dioecias.
1007 1695 1120 1741 Non
1142 1695 1373 1756 ignoravit
1397 1694 1548 1740 noster
1568 1695 1730 1741 (ludius
1756 1694 2032 1755 pancreatici
2054 1710 2232 1740 ramum
2259 1693 2375 1741 infe-

313 1760 494 1806 riorem.
561 1760 727 1805 Virum
758 1759 1001 1819 imaginem
1026 1756 1211 1804 feminae
1233 1758 1455 1818 recipere,
1492 1760 1534 1804 &
1559 1756 1749 1804 viciffim
1775 1759 1865 1804 viri
1887 1759 2129 1818 imaginem
2152 1775 2176 1804 a
2203 1756 2374 1805 femina

314 1824 486 1884 recipi:
542 1839 614 1870 eas
642 1823 863 1884 imagines
890 1820 1156 1871 descendere
1180 1823 1231 1868 in
1256 1835 1403 1882 partes
1440 1823 1671 1882 genitales.
1741 1821 1959 1869 Rahelem
1995 1838 2100 1868 cum
2134 1820 2375 1883 spirituali-

315 1901 383 1933 ter
407 1904 432 1933 a
453 1887 651 1949 JACOBO
681 1889 980 1947 impraegnata
1003 1902 1100 1932 non
1132 1899 1335 1946 pareret,
1373 1889 1415 1933 &
1444 1887 1663 1948 imagines
1679 1885 1734 1932 ad
1765 1898 1899 1947 caput
1927 1898 2208 1946 raperentur,
2245 1888 2373 1947 glan-

315 1952 392 1998 des
420 1963 548 1998 terrae
578 1948 610 1997 s.
643 1951 849 1997 Dudailn
874 1948 1108 1996 comedisse
1127 1985 1139 2004 ,
1174 1967 1275 2010 quae
1304 1951 1524 2011 imagines
1551 1948 1761 1996 deorsum
1794 1949 2051 2003 traherent,
2084 1966 2188 1996 cum
2219 1966 2372 1996 earum

316 2026 477 2061 natura
506 2013 585 2068 sit,
623 2027 791 2075 partem
822 2010 1100 2074 superiorein
1127 2015 1396 2074 demergere.
1476 2015 1701 2074 Imagines
1734 2026 1975 2073 conceptas
2008 2016 2057 2059 in
2095 2028 2211 2073 aqua
2236 2010 2374 2060 suffo-

317 2080 434 2131 cari,
469 2078 577 2125 hinc
608 2081 825 2125 lacrumas
854 2077 1121 2125 desiderium
1146 2081 1316 2130 levare,
1355 2080 1395 2124 5.-
1424 2078 1647 2124 lunaticos
1678 2077 1887 2124 homines
1917 2078 1966 2122 in
1987 2093 2148 2137 aquam
2173 2075 2372 2123 dimiffos

316 2140 477 2188 sanari.
544 2143 612 2188 Ex
642 2144 895 2190 multorum
926 2141 1169 2189 hominum
1194 2141 1452 2203 conjund‘tis
1477 2142 1752 2202 imaginibus
1782 2139 1951 2201 spedira
1981 2139 2115 2187 nasci.
2184 2141 2372 2187 Animas

316 2207 492 2254 revolvi
525 2206 577 2251 de
608 2205 795 2252 homine
830 2209 879 2252 in
902 2205 1162 2260 hominem,
1196 2208 1237 2252 δι
1262 2208 1425 2252 multas
1450 2205 1562 2251 adeo
1589 2207 1636 2252 in
1655 2222 1752 2252 uno
1776 2204 1963 2251 homine
1989 2203 2084 2258 eise,
2123 2216 2176 2250 ut
2202 2220 2373 2250 exeun-

317 2281 385 2316 tes
421 2286 475 2315 ex
502 2270 658 2315 ordine
678 2270 735 2324 „de
759 2287 855 2316 uno
888 2272 1051 2316 animae
1083 2268 1321 2317 succesiive
1341 2267 1734 2330 repraesententur.
1804 2270 1977 2317 Iterum
2000 2269 2054 2314 de
2079 2268 2374 2316 circulatione

316 2333 430 2380 aeris
465 2349 540 2393 per
568 2349 696 2380 nares
725 2334 775 2380 in
800 2346 1030 2387 ventrem,
1067 2335 1173 2381 inde
1202 2334 1252 2380 in
1282 2346 1407 2380 artus
1441 2349 1614 2380 omnes.

346 2490 354 2495 ἢ
449 2433 486 2478 E
487 2446 629 2492 JUSD.
673 2432 994 2492 Observationes
1017 2438 1134 2481 circa
1160 2431 1364 2481 hominem
1389 2434 1550 2495 ejusque
1586 2433 1752 2481 morbos
1773 2446 1857 2495 per
1878 2431 2064 2480 Paulum
2096 2432 2337 2480 BUCHIUM
2360 2448 2372 2476 t

317 2495 456 2544 latine
482 2493 618 2541 versae
648 2513 725 2555 per
750 2501 797 2551 J.
827 2497 1069 2544 Conradum
1103 2499 1330 2551 ΑΜΜΑΝ,
1387 2500 1606 2544 celebrem
1638 2497 1881 2544 surdorum
1911 2497 2169 2549 do&orem‚
2217 2495 2297 2554 qui
2331 2494 2376 2540 &

317 2557 410 2620 ipse
436 2559 650 2620 peculiari
679 2561 896 2620 religione
933 2562 1198 2616 tenebatur,
1230 2561 1706 2618 Amstelodami1692.
1732 2559 1825 2614 8.*.
1892 2561 2046 2607 Editio
2072 2558 2247 2620 Belgica
2269 2574 2374 2603 aan-

318 2622 562 2685 merkingen
584 2640 672 2668 van
701 2622 770 2668 des
805 2624 926 2682 mens
943 2643 993 2671 en
1016 2624 1175 2687 dfflss
1189 2624 1370 2685 ficktens
1405 2626 1681 2672 Amsterdam
1703 2631 1834 2681 1692.
1859 2631 1900 2678 8.
1970 2624 2120 2669 Multa
2146 2622 2282 2667 nimis
2302 2636 2378 2680 pa-

318 2687 515 2740 radoxa,
547 2703 646 2746 quae
672 2702 816 2746 neque
838 2702 1005 2747 repeto.
1069 2692 1135 2737 Ut
1157 2690 1312 2736 omnia
1343 2706 1511 2736 marem
1540 2692 1582 2736 ὃς
1609 2688 1825 2735 feminam
1850 2685 1963 2732 faeta
1988 2685 2094 2738 effe,
2127 2684 2235 2731 inde
2261 2684 2372 2730 duas

318 2766 451 2797 nares
481 2747 578 2796 effe.
647 2751 960 2811 Cogitationes
993 2768 1097 2798 curn
1129 2754 1249 2800 lunae
1290 2753 1659 2800 revolutionibus
1700 2750 1948 2813 periodicas
1979 2749 2140 2796 redire.
2223 2749 2282 2796 Et
2310 2759 2378 2795 ta·-

318 2830 427 2860 mcn
455 2814 504 2860 in
525 2811 614 2860 hoc
642 2814 798 2862 ENNu
827 2814 1016 2860 stercore
1038 2816 1138 2862 auri
1167 2817 1229 2862 est
1255 2833 1352 2863 non
1381 2816 1511 2863 nihil.

452 2895 526 2956 EJ.
562 2894 752 2956 quadam
784 2900 1054 2957 cogitationes
1073 2897 1202 2958 ficper
1222 2910 1411 2958 qztatuor
1430 2902 1576 2960 prima
1606 2901 1748 2959 capita
1771 2895 1874 2942 libri
1891 2900 2027 2958 primi
2055 2895 2253 2942 MoYsls
2277 2896 2376 2946 ‚Ge-

320 2957 422 3019 nesis
441 2963 651 3007 nominati
682 2959 1179 3017 Amstelod.1695.8.*
1198 2962 1362 3009 CLEM.
1400 2968 1534 3021 1697.
1553 2967 1595 3015 8.
1664 2961 1865 3014 Omnia,
1906 2961 2043 3008 etiam
2074 2959 2283 3028 animalia
2311 2954 2377 3027 ξεῖ

2207 3033 2377 3069 minuu-
