2556 3442
310 120 373 183 33
539 86 543 89 ¹
970 125 1250 195 rias.
1347 119 1697 170 GRAEer.

436 265 485 312 L.
506 261 648 311 VIII„
670 259 833 308 Vic'kus
859 262 1119 308 animalium
1152 257 1304 303 varius
1329 276 1341 308 3
1395 259 1645 310 urticarum
1670 261 1947 306 marinarum
1965 296 1977 314 ,
2025 261 2321 311 testaceorum
2342 290 2354 317 ,

313 327 528 391 piscium,
574 327 752 379 avium,
799 325 1070 385 serpentum.
1154 321 1267 367 Istos
1308 322 1419 366 vino
1456 321 1499 367 se
1533 324 1789 370 inebriare:
1837 325 1956 383 apud
1991 324 2356 389 pharmacopolam

312 395 392 440 diu
420 394 587 452 absque
613 391 713 436 cibo
734 390 911 439 vivere,
948 388 1036 446 jam
1065 398 1174 431 tunc
1201 385 1311 430 adeo
1339 384 1565 431 dabantur
1592 386 1962 447 pharmacopolae.
2033 389 2354 450 Qadrupeda.

312 459 460 506 Etiam
493 458 624 518 lupos
655 464 919 514 aegrotantes
947 449 1104 495 herbas
1133 464 1302 494 vorare.
1366 449 1594 509 fatigatos
1624 451 1767 498 tridui
1790 449 1905 497 fame
1933 450 2057 504 sues,
2094 454 2137 498 ὃ(
2161 468 2269 499 aves
2291 471 2360 500 ce..

312 521 464 570 leriter
489 516 788 580 pinguescere.
855 516 1008 560 Mores
1032 512 1324 564 animalium,
1363 512 1557 558 mutatio
1583 514 1685 560 loci.
1752 516 1841 562 Hic
1876 518 2227 562 ARlsTOTELES
2249 533 2360 576 pyg-

313 602 450 632 maeos
484 599 587 629 vere
620 581 715 626 dari
745 576 1010 628 confirmat,
1057 577 1219 620 exilem
1262 577 1302 620 &
1339 573 1581 622 hominum
1619 590 1799 636 gentem
1845 580 1884 624 &
1924 595 2160 638 equorum.
2239 582 2358 626 Aves

311 648 605 709 migratrices.
673 640 938 692 Plittacum,
993 639 1189 684 indicam
1228 653 1384 690 avem,
1433 639 1558 699 loqui
1594 641 1766 687 dicunt.
1850 642 2125 688 Animalium
2165 643 2356 688 latebrae.

313 715 513 762 senecta,
550 722 685 768 quam
710 702 934 756 exsuunt,
977 703 1113 748 etiam
1141 701 1194 746 de
1223 703 1366 747 oculis
1398 700 1614 761 serpentis
1637 703 1823 759 decedit,
1892 706 2045 751 Morbi
2080 706 2358 751 animalium.

312 777 450 825 Canis
479 773 646 819 rabiem
682 768 840 831 utique
878 766 1042 819 habet,
1095 768 1135 812 ἃ
1173 765 1297 811 addit
1339 763 1544 812 demorsa
1573 767 1785 813 animalia
1827 771 1868 815 Sc
1903 767 1995 827 ipsa
2030 768 2204 821 rabire,
2262 785 2358 815 non

313 853 464 890 tamen
491 834 753 884 hominem,
792 829 846 876 de
878 847 995 890 equo
1020 830 1158 878 etiam
1182 826 1292 879 fuse.
1362 829 1587 875 Animalia
1613 829 1819 890 hybrida.
1898 830 2041 878 Pisces
2077 833 2245 878 morbis
2277 831 2360 878 else

313 900 570 961 obnoxios,
609 898 651 944 &
679 894 914 942 extenuari
951 892 1066 955 (p).

440 983 562 1028 Οέὶο
590 979 810 1026 librorum
844 976 1049 1037 priorum
1076 974 1220 1021 codex
1252 974 1393 1021 exstat
1431 975 1481 1021 in
1516 973 1779 1023 Bibliotheca
1807 976 2028 1029 Alfedicea,
2071 976 2211 1036 inque
2242 977 2363 1024 PLU-

315 1062 417 1096 TEo
453 1052 528 1103 87.
568 1045 777 1091 MONTE.
2308 1062 2313 1066 .

442 1144 493 1191 L.
520 1142 602 1188 IX.
636 1139 913 1186 Animalium
941 1136 1045 1183 odia
1076 1138 1116 1182 ἃ
1144 1136 1408 1182 inimicitiae.
1479 1136 1567 1183 Hic
1598 1136 1886 1183 BUFFons
1912 1135 2070 1190 hausit,
2111 1154 2240 1184 ovem
2268 1139 2362 1184 ani-

313 1208 501 1254 malium
533 1202 612 1250 effe
640 1199 952 1249 stultiffimam.
1023 1200 1134 1246 Inde
1154 1198 1339 1246 historia
1357 1200 1574 1246 naturalis
1593 1201 1728 1245 cervi.
1797 1199 2040 1246 Medicinae
2067 1201 2358 1253 animaliunu

315 1271 424 1318 nidi.
479 1267 812 1315 Columborum
845 1281 1006 1312 mores.
1079 1264 1218 1310 Amor
1256 1263 1396 1323 prolis
1439 1265 1480 1310 ἃ
1512 1266 1561 1310 in
1609 1280 1658 1309 ea
1702 1263 1872 1310 tuenda
1911 1262 2123 1323 sagacitas
2153 1264 2359 1324 perdicis.

314 1337 517 1383 Aliarum
547 1332 700 1378 avium
730 1330 836 1376 vitae
869 1345 1011 1390 genus
1044 1330 1085 1374 ἃ
1117 1327 1437 1373 memorabiiia.
1504 1329 1575 1373 De
1615 1327 1764 1388 aquila
1793 1325 1904 1373 fuse.
1973 1328 2108 1373 Tunc
2149 1325 2285 1388 pisces
2319 1330 2388 1375 &⁸

315 1411 432 1446 artes
460 1397 624 1458 quibus
655 1393 848 1455 praedam
879 1393 1078 1452 capiunt.
1147 1392 1364 1440 Araueae,
1409 1407 1539 1451 apes,
1580 1391 1749 1451 absque
1777 1407 1880 1450 rege
1922 1407 2017 1436 non
2053 1391 2359 1441 laboraturaS.

316 1478 462 1522 neque
488 1461 625 1507 ullam
652 1458 912 1504 habituram
944 1471 1097 1502 euram
1124 1455 1188 1500 rei
1216 1455 1437 1514 publieae:
1477 1471 1635 1501 necare
1663 1455 1797 1501 duces
1827 1453 1859 1500 fi
1886 1471 1981 1502 uno
2008 1455 2158 1516 plures
2173 1452 2362 1502 fuerint.

314 1527 422 1572 Vox
449 1524 575 1570 ducis
599 1522 806 1574 auditur,
845 1532 1085 1579 antequam
1111 1534 1299 1565 examen
1330 1518 1530 1578 prodeat.
1597 1519 1749 1565 Multa
1770 1534 1906 1578 porro
1929 1519 1982 1563 de
2009 1518 2167 1578 apibus
2184 1553 2196 1571 ,
2228 1520 2362 1565 etiam
2434 1575 2437 1577 ,

315 1591 598 1653 plantarum,
635 1603 745 1646 quas
776 1596 954 1636 amant,
991 1583 1238 1643 catalogus.
1307 1583 1377 1629 Sic
1419 1582 1472 1628 de
1502 1580 1662 1642 vespis.
1741 1583 1915 1628 Matres
1957 1582 2094 1634 dicit,
2145 1599 2244 1642 quae
2278 1584 2365 1642 pri-

315 1670 441 1701 mum
477 1651 655 1699 cellulas
682 1646 827 1709 vespis
859 1647 1122 1707 vulgaribus
1150 1646 1390 1692 destinatas
1425 1644 1675 1698 fabricent,
1732 1645 1894 1691 deinde
1927 1647 2110 1692 cellulas
2144 1647 2363 1693 matribus

317 1727 580 1778 praeparent.
649 1713 797 1759 Etiam
819 1712 873 1758 de
892 1710 1007 1758 fucis
1031 1711 1186 1755 aculeo
1203 1709 1477 1762 carentibus,
1511 1709 1846 1769 quivideantur
1859 1725 2014 1755 mares.
2085 1710 2370 1756 Crabronum

317 1782 409 1827 dux
436 1780 612 1826 unicus.
682 1779 752 1825 De
778 1773 1161 1836 quadrupedibus.
1229 1773 1367 1819 Varia
1393 1772 1446 1818 de
1479 1773 1585 1818 odio
1610 1772 1804 1819 incestus
1844 1773 1963 1833 apud
2001 1782 2169 1832 equos,
2222 1790 2361 1820 came..

314 1846 397 1893 los.
464 1844 582 1891 Aves
611 1857 753 1890 mares
775 1839 952 1886 veneris
985 1840 1222 1898 patientes.
1292 1836 1586 1884 Castrationis
1613 1833 1797 1884 effecius
1823 1837 1948 1883 varii.

442 1942 492 1988 L.
513 1941 575 1987 X.
623 1940 809 1985 Alienus
831 1954 855 1982 a
880 1936 1090 1996 reliquis,
1129 1933 1328 1980 medicus
1362 1931 1664 1996 potiffimum,
1702 1933 1759 1979 ad
1790 1934 1975 1980 morbos
2008 1932 2173 1993 spectat
2214 1935 2364 1987 uteri.

317 2004 488 2053 menses
521 2006 673 2050 minus
700 2000 912 2053 salubres,
939 2002 1036 2046 alia.
1107 2000 1268 2045 Semen
1292 1996 1481 2045 feminas
1511 1995 1765 2044 extrorsum
1801 1998 2043 2058 projicere,
2090 2010 2142 2043 ut
2179 1997 2368 2057 abstergi

317 2068 482 2116 neeesse
508 2066 585 2120 fit,
624 2065 654 2113 fi
685 2082 761 2126 per
787 2062 1012 2111 insomnia
1038 2058 1298 2108 effuderint.
1366 2061 1499 2110 Uteri
1527 2078 1576 2108 os
1609 2062 1847 2122 obliquum
1870 2095 1881 2113 ,
1919 2077 2079 2107 nocere
2105 2064 2361 2120 conceptui.

318 2133 496 2180 Bonum
532 2130 708 2192 signum
735 2127 846 2181 effe,
882 2126 915 2173 fi
942 2143 1019 2187 per
1051 2124 1262 2172 somnum
1291 2122 1442 2171 semen
1469 2124 1763 2185 profundant.
1844 2125 2049 2170 Feminae
2091 2122 2205 2184 saepe
2245 2123 2365 2179 salli,

318 2213 466 2256 neque
495 2198 611 2241 recste
642 2192 763 2241 nofl'e
797 2209 910 2239 num
935 2189 1239 2251 conceperint.
1325 2189 1462 2234 Varia
1493 2189 1812 2248 impedimenta
1837 2201 2094 2248 conceptus.
2183 2188 2369 2236 Clitoris

318 2258 399 2307 sub
426 2264 516 2319 qua
544 2257 747 2305 foramen
775 2258 929 2317 pouit,
965 2270 1043 2314 per
1071 2253 1194 2312 quod
1224 2250 1405 2312 spiritus
1438 2250 1619 2299 effletur
1638 2287 1650 2306 ‚
1697 2249 1869 2303 smum,
1915 2265 1967 2297 ut
1997 2263 2133 2311 puto,
2171 2252 2367 2312 aliquem

321 2321 604 2370 muciferum.
671 2322 901 2367 Feminam
921 2353 932 2372 ,
985 2332 1086 2364 cum
1117 2314 1360 2376 concepisse
1388 2314 1646 2368 videretur,
1693 2327 1855 2376 quarto
1889 2332 2009 2363 anno
2043 2316 2208 2362 molam
2240 2332 2370 2376 pepe-

318 2385 440 2440 riffe,
478 2402 581 2433 cum
612 2383 864 2444 dysenteria
890 2379 1036 2429 suisset
1067 2379 1251 2427 adfecta.

448 2483 577 2528 Solus
612 2481 749 2527 latine
775 2495 830 2524 ex
860 2477 1235 2538 interpretatione
1272 2478 1313 2523 &
1339 2492 1443 2523 cum
1465 2476 1800 2523 commentariis
1823 2480 1871 2531 J.
1903 2477 2074 2536 Caesaris
2095 2478 2367 2523 SCALIGERI

320 2545 491 2607 prodiit
518 2544 726 2604 Lugdun.
752 2549 885 2600 1584.
921 2541 983 2595 8⁶.
1019 2541 1205 2588 D'ETR.

451 2641 670 2700 Qinque
697 2639 835 2685 libros
865 2638 1128 2698 posteriores
1156 2637 1423 2683 Germanice
1450 2655 1552 2684 cum
1578 2638 1707 2683 malis
1735 2635 1892 2696 figuris
1916 2632 2122 2695 prodiiffe
2150 2635 2369 2685 GESNER.

456 2737 691 2786 Editiones
726 2734 946 2780 librorum
974 2733 1027 2778 de
1057 2733 1324 2780 animalibus
1349 2732 1454 2780 sunt
1478 2730 1860 2785 numerofiffimae,

452 2836 608 2882 Graeee
632 2830 839 2876 venetiis
872 2841 1004 2886 1495.
1040 2827 1117 2874 fol.
1152 2829 1270 2887 apud
1300 2831 1505 2882 Arnum„
1574 2830 1642 2877 Ex
1662 2829 1960 2877 N.LEON101
1989 2822 2198 2877 Tbomaei
2223 2847 2374 2878 emen-

324 2900 508 2948 datione
541 2895 782 2943 Florentiae
813 2904 945 2951 1527.
987 2892 1125 2939 Catal.
1156 2893 1248 2941 Bal.

376 3025 441 3077 (p)
471 3024 515 3070 C·
539 3037 597 3075 ¹⁹·

2215 2958 2371 3005 Graece
