2556 3442
855 162 902 224 §-
938 156 1064 227 479:
1114 164 1163 213 F.
1201 123 1521 213 Rurscn.
1745 196 1747 199 .
1842 239 1845 241 ῃ
2126 171 2229 228 533,

149 295 308 360 faurm'
331 312 453 346 anno
476 308 612 356 1701.
632 307 676 357 4.
708 295 904 358 prodiit,
940 295 1079 343 latine
1110 295 1153 340 &
1181 292 1372 353 belgice,
1404 302 1459 338 ut
1487 291 1665 352 reliqui.
1732 293 1836 342 Coli
1858 295 2061 344 intestini
2076 298 2124 344 in
2145 314 2222 359 ap-

162 363 454 424 pendiculam
485 363 879 424 degenerationem
900 362 1017 405 reete
1039 355 1263 403 describit.
1331 357 1525 402 Lacunae
1546 357 1655 402 redii
1677 356 1893 407 intestini.
1962 362 2067 408 Pori
2090 360 2222 410 faciei

161 424 350 488 nasique
384 427 597 480 humani,
636 429 678 472 δε
700 425 924 486 glandulae
947 433 1164 469 cutaneae.
1233 419 1369 466 Fines
1398 418 1611 465 vasorum
1633 418 1833 478 hepatis,
1881 426 1923 469 ἅ
1955 424 2068 472 fines
2094 425 2223 473 vaso..

162 507 270 538 rum
297 493 347 538 in
376 507 560 552 quoque
585 488 750 536 viscere
778 486 977 533 distincti
1004 485 1062 531 ab
1094 485 1292 531 aliorum
1319 480 1544 530 viscerum
1572 482 1811 530 vasculofis
1842 484 2028 541 finibus.
2108 490 2224 537 Cor.

162 567 241 602 tex
268 556 459 603 interior
479 554 688 600 medullae
717 549 916 611 spinalis.
985 550 1157 596 Dentes
1193 551 1245 597 in
1276 549 1435 594 ovatio
1459 548 1685 596 muliebri.
1754 548 1935 609 Papillae
1961 552 2144 614 linguae,
2178 557 2223 602 ὃς

162 621 341 682 papillae
370 634 588 666 mammae.
653 617 833 661 Ductus
857 611 1062 660 lactiferi.

296 699 523 761 Thefizurus
542 698 602 744 ΙΙ.
641 694 860 743 Amsterd.
880 707 1016 754 1703.
1041 706 1087 755 4.
1156 694 1227 743 Ad
1252 697 1438 743 oculum
1462 696 1600 743 varia.
1655 695 1866 743 Circulus
1882 712 2011 743 uveae
2035 698 2226 747 interior

163 765 412 826 fibraeque:
446 759 624 809 vascula
650 761 784 808 lentis
806 760 1086 821 crystallinae,
1117 763 1360 809 trunculus
1384 761 1481 822 ejus
1502 761 1639 808 lentis
1666 762 1892 814 centralis,
1933 761 2063 821 cujus
2094 763 2230 823 origi.

163 847 269 878 nem
282 827 428 875 noster
443 842 541 872 non
550 824 787 872 indicavit.
856 823 1090 873 Mirificus
1102 841 1287 872 acervus
1302 824 1480 872 fetuum
1498 827 1539 871 &
1553 837 1734 877 artuum
1746 823 2114 886 imperfeitorum
2131 842 2232 872 coa..

163 891 441 942 lescentium.
509 887 628 936 Vasa
649 889 824 936 omenti
851 888 1039 950 pulchre
1061 891 1258 949 repleta:
1302 891 1403 950 pori
1419 890 1681 943 ventriculi,
1724 890 1822 951 ejus
1846 890 1974 950 plicae
1994 891 2036 936 &
2057 891 2231 937 cellulae

162 957 379 1005 minimae.
448 954 668 1015 Exempla
695 951 979 1002 diversorum
1002 951 1170 1000 finium
1199 952 1489 1001 vasculorum
1514 955 1787 1002 ultimorum
1818 955 1870 1001 in
1896 953 2058 1015 hepate
2079 989 2092 1007 ‚
2137 956 2228 1016 pla·

160 1031 319 1073 centa,
354 1017 532 1080 splene,
568 1035 691 1065 rene.

299 1099 528 1161 Thesaurus
552 1102 635 1149 III.
670 1101 804 1148 etiam
831 1115 954 1148 anno
989 1112 1125 1159 1703.
1192 1099 1326 1147 Penis
1353 1096 1555 1147 difformi
1578 1099 1751 1162 glande.
1821 1100 1982 1148 Crines
2002 1101 2053 1148 in
2073 1116 2232 1148 omen-

161 1176 229 1214 to.
297 1166 553 1227 Epidermis
571 1166 716 1213 totius
742 1182 920 1212 manus.
989 1166 1172 1227 Papillae
1195 1165 1436 1211 labiorum.
1505 1165 1646 1212 Renis
1664 1163 1768 1212 vasa
1793 1164 2064 1226 serpentina.
2132 1167 2234 1214 Du-

162 1234 264 1278 ‹stus
294 1229 509 1278 uriniferi
537 1233 587 1277 in
611 1231 799 1292 papillas
830 1230 1034 1283 collecti,
1070 1246 1181 1290 quas
1209 1229 1353 1290 pelvis
1381 1227 1580 1290 suscipit.
1651 1230 1786 1277 Sinus
1810 1231 1952 1290 aliqui
1978 1228 2164 1277 mucofi.

148 1363 157 1365 -
299 1311 534 1371 Thesaurus
555 1309 638 1359 IV.
671 1329 710 1359 a.
729 1324 866 1372 1704.
887 1310 984 1372 4.*.
1052 1312 1228 1358 Iterum
1242 1308 1412 1358 fabrica
1434 1312 1570 1358 renis.
1639 1311 1783 1359 Testis
1810 1311 2031 1359 dissolutae
2050 1311 2233 1360 fibrillae

161 1375 240 1425 sed
268 1378 575 1429 inordinatam
620 1394 698 1423 cor
729 1378 845 1424 bene
877 1373 1144 1437 expressum,
1189 1392 1293 1422 cum
1325 1373 1439 1423 vafis
1465 1376 1646 1437 repletis
1660 1382 1679 1430 ,‘
1711 1376 1761 1422 in
1793 1377 1960 1437 quibus
1987 1377 2173 1424 arterias
2208 1395 2234 1424 a

163 1444 295 1491 venis
320 1443 488 1503 aegrius
514 1440 702 1501 separes.

301 1522 542 1584 Thesaurus
568 1524 626 1569 V.
659 1522 939 1570 Amsterdam
968 1534 1103 1583 1705.
1127 1525 1220 1582 45.
1290 1523 1465 1570 Contra
1483 1522 1718 1584 glandulas
1739 1523 1955 1571 uterinas.
2026 1523 2236 1572 Chorion

165 1590 423 1651 placentam
445 1588 650 1648 undiquc
672 1589 910 1635 obducere.
980 1590 1145 1648 Neque
1168 1588 1490 1634 allantoideam
1515 1588 1821 1634 membranam
1838 1587 1881 1634 se
1904 1588 2123 1649 reperiffe,
2160 1605 2238 1636 ne-

166 1670 257 1715 que
282 1654 491 1715 pervium
512 1651 770 1705 urachum3
815 1652 1008 1699 chorion
1050 1669 1160 1699 vero
1193 1652 1448 1712 duplicem,
1496 1669 1659 1713 nempe
1697 1651 1891 1699 chorion
1933 1655 1975 1699 &
2010 1654 2238 1700 membra-

167 1735 275 1765 nam
297 1717 511 1764 mediam.
579 1717 732 1763 Cavea
756 1719 1002 1764 medullam
1028 1718 1147 1763 inter
1169 1719 1210 1762 &
1236 1718 1491 1770 vertebras,
1525 1715 1719 1763 humore
1735 1716 1904 1764 viscido
1923 1719 2067 1778 plena.
2128 1720 2241 1766 Ute-

166 1798 269 1829 rum
292 1780 620 1834 intumescere„
660 1798 749 1841 qua
769 1783 812 1827 ei
837 1784 1041 1842 placenta
1061 1779 1332 1827 adnascitur.
1401 1780 1521 1827 Vasa
1549 1782 1672 1828 durae
1701 1782 1872 1829 matris.
1942 1782 1998 1828 In
2015 1781 2104 1829 hoc
2129 1783 2241 1830 &in

166 1846 250 1894 IV.
274 1844 487 1906 Thesauro
507 1845 640 1892 nervi
663 1844 889 1893 olfadtorii
912 1863 1062 1892 ramos
1084 1843 1336 1905 descripsit,
1364 1861 1390 1891 a
1414 1846 1571 1893 multis
1594 1859 1802 1907 negatos.

305 1926 540 1988 Theffiurm
562 1928 644 1976 VI.
677 1944 801 1974 anno
818 1940 954 1987 1705.
976 1927 1074 1987 4.*.
1140 1928 1345 1980 Primum
1369 1927 1718 1984 Prodromus‚,in
1741 1947 1850 1990 quo,
1886 1930 2026 1991 inque
2043 1927 2240 1989 thesauro

130 2022 143 2031 κ
167 1990 265 2054 ipso
286 1991 438 2040 sceleti
463 1991 643 2039 fetuum
677 1992 719 2039 &
755 2010 844 2040 ova
878 1992 1110 2046 humana,
1157 1990 1368 2053 fetusque
1397 1995 1622 2054 paulatim
1652 1994 1899 2042 adultiores
1940 1992 2128 2056 pulchre
2165 1994 2244 2041 de-

166 2058 464 2120 pinguntur„
507 2058 613 2104 Ren
640 2055 870 2104 humanus
898 2074 1004 2104 cum
1028 2058 1274 2105 vervecino
1309 2071 1614 2119 comparatus.

299 2140 357 2186 In
384 2138 481 2199 ipso
512 2137 709 2199 thesauro
734 2140 898 2189 ductus
922 2137 1124 2187 incisori.
1195 2140 1438 2189 Glandulae
1470 2141 1675 2196 narium,
1708 2159 1810 2202 quae
1841 2140 2055 2189 vasorum
2093 2153 2241 2190 extre-

169 2202 241 2251 mi
268 2200 375 2250 sunt
398 2202 528 2250 fines.
597 2205 777 2265 Corpus
803 2207 995 2258 luteum,
1021 2206 1151 2267 cujus
1180 2217 1399 2253 contenta
1431 2207 1670 2268 coagulata
1699 2206 1819 2253 sunt.
1887 2207 2159 2254 Membrana
2185 2204 2242 2253 eir

168 2265 389 2328 sanguine
417 2266 625 2314 humano
652 2267 772 2320 fieta.
842 2268 1071 2317 Cellulosa
1105 2270 1195 2316 tela
1226 2270 1516 2317 intestinalis.
1585 2273 1754 2318 Uterus
1792 2271 2031 2324 adulter-oe,
2072 2269 2242 2317 femine

169 2331 295 2378 virili
320 2332 497 2392 plenus.
564 2332 738 2379 Iterum
769 2349 933 2394 corpus
960 2335 1167 2387 luteum,
1201 2334 1326 2395 quod
1353 2336 1550 2395 calycem
1578 2336 1656 2382 ovi
1686 2347 1833 2383 vocat.
1901 2337 1988 2383 Pro
2009 2334 2243 2383 vasculosa

168 2396 352 2507 cgrticis
379 2395 552 2444 cerebri
575 2408 756 2445 natura.
823 2396 957 2445 Nihil
976 2409 1083 2445 ante
1108 2397 1229 2445 diem
1254 2397 1522 2461 vigesimum
1547 2398 1654 2447 satis
1689 2401 1886 2449 distincti
1919 2401 1970 2447 in
1992 2399 2242 2461 embryone

168 2476 197 2509 a
227 2477 398 2523 parere.

307 2540 540 2602 Thesaurus
563 2543 671 2591 VII.
708 2559 831 2591 anno
864 2555 1000 2603 1707.
1028 2545 1119 2604 4.*.
1188 2544 1433 2593 Glandulae
1462 2544 1637 2607 hepatis
1679 2547 1803 2609 gliris
1840 2508 1988 2594 meros
2027 2543 2242 2595 vasorum

170 2605 387 2670 pulposos
414 2606 528 2654 fines
552 2606 648 2654 effe.
720 2610 832 2655 Lien
856 2611 1018 2669 puellae
1046 2626 1243 2670 procerae
1266 2609 1454 2670 pulchre
1476 2612 1688 2671 repletus.
1758 2612 2040 2673 Appendices
2069 2609 2241 2658 intesti-

170 2688 341 2719 norum
373 2670 448 2719 hic
482 2674 522 2719 &
544 2673 667 2720 alias.
736 2671 931 2720 Vascula
957 2676 1077 2721 uteri
1096 2675 1426 2722 vermicularia.
1494 2676 1685 2737 Papillas
1724 2674 1768 2722 sc
1801 2688 1934 2737 putat
1969 2677 2019 2723 in
2054 2676 2238 2726 buccis,

171 2737 459 2790 ventriculo,
500 2736 820 2791 &intestinis,
857 2736 1027 2785 vidiss'e.
1096 2739 1276 2800 Papillae
1298 2739 1538 2787 labiorum.
1607 2741 1823 2789 Minutus
1852 2740 2052 2800 embryo.
2121 2734 2240 2783 Vasa

168 2800 447 2848 membranae
475 2802 721 2863 pituitariae
752 2802 948 2849 narium.

309 2898 538 2966 Thefizurm
560 2903 691 2950 V111.
723 2902 862 2950 Amst.
889 2915 1024 2962 1709.
1046 2903 1144 2964 4.*.
1230 2905 1369 2953 fetus
1400 2904 1492 2953 fine
1519 2905 1702 2953 cerebro
1728 2917 1893 2957 natus,
1942 2917 2045 2949 cum
2078 2902 2242 2962 exigua

170 2963 371 3012 medulla
400 2963 579 3027 spinali.
647 2968 816 3029 Diploe
854 2970 905 3017 in
942 2969 1069 3016 tibia.
1138 2969 1397 3017 Placentam
1429 2972 1564 3019 meris
1599 2970 1791 3019 vasculis
1832 2966 2062 3031 componi.
2147 2967 2242 3014 An-

1205 3035 1305 3084 Xx
1337 3051 1369 3083 x
1401 3046 1427 3093 3
2044 3029 2242 3092 drogyni
