2556 3442
1385 11 1398 37 1

301 173 363 216 94
935 147 998 197 τι.
1028 147 1058 196 1
1089 147 1137 195 B.
1201 149 1240 194 1.
1332 130 1457 223 *le
1489 141 1610 192 Ec
1644 136 1682 189 1.

302 291 452 340 utiles.
522 289 658 337 Tunc
692 287 746 334 de
780 283 1036 347 aptitudine
1060 282 1240 330 fabricae
1262 281 1386 342 pedis
1410 279 1615 328 humani.
1683 278 1853 326 Malam
1889 278 2045 325 contra
2079 269 2344 328 Eummtfn

301 352 574 400 sententiam
609 349 838 402 defendit,
885 350 936 395 in
970 362 1161 394 numero
1197 343 1360 391 offium
1399 342 1642 403 metacarpi
1683 344 1724 389 &
1756 340 1992 388 metatarfi.
2081 343 2138 389 ln
2161 341 2349 389 homine

304 416 514 463 tendines
535 404 791 462 extensores
816 413 867 458 in
895 409 1168 472 principium
1198 408 1320 454 tibiae
1350 404 1395 452 se
1427 407 1684 459 inmittere,
1727 405 1778 451 in
1802 402 1937 452 simiis
1960 406 2083 452 ultra
2106 405 2309 466 produci.

433 511 531 560 Lib.
559 510 642 558 IV.
679 509 753 566 (a)
793 508 846 553 de
870 503 1112 552 visceribus
1133 501 1402 549 abdominis.
1473 502 1670 553 Omenti=
1708 498 1877 547 exsciffi
1911 502 2128 560 jasturam
2166 502 2352 551 alimen-

308 562 468 624 torum
491 570 690 621 0110110111
714 587 894 620 nocere.
962 566 1178 613 Intestina
1204 561 1503 616 convaluisse,
1539 579 1738 623 quorum
1767 564 1957 611 interior
1993 564 2149 624 tunica
2187 558 2352 615 absces-

306 639 433 687 serat.
502 638 654 683 Venas
678 635 837 692 utique
863 631 955 676 dari
983 629 1194 675 intestina
1218 628 1496 678 nutrientes,
1532 643 1631 685 quae
1667 625 1804 686 hepar
1836 644 1932 672 non
1956 627 2116 673 adeant
2139 644 2150 671 :
2199 625 2353 686 ipfiffi-

306 691 400 750 mas
427 703 611 752 lae‘teas,
649 709 700 743 ut
724 698 907 754 adparet
932 709 988 738 ex
1012 693 1148 737 citato
1179 692 1469 736 HEROPfflLI
1497 691 1612 734 loco.
1683 691 1749 734 Ab
1777 691 1861 735 isto
1892 691 2007 736 libro
2040 688 2267 750 profectus
2291 690 2354 736 est

310 781 437 811 error
470 761 770 822 epidemicus,
806 773 896 816 quo
921 753 1179 801 mesocolon
1210 769 1291 812 pro
1320 752 1485 798 lamina
1509 751 1742 811 posteriori
1768 755 1939 799 omenti
1969 753 2024 799 ad
2060 753 2214 798 nostra
2241 764 2354 799 tem-

308 844 417 888 pora
447 824 714 884 descriptum
739 821 814 867 est.
884 820 1099 864 Colorem
1129 816 1252 862 cibos
1276 831 1480 875 coquere.
1565 815 1689 862 Sacci
1722 818 1909 862 nomine
1946 815 2211 862 intestinum
2243 813 2354 862 cras-

241 882 248 884 *
311 889 414 937 sum
437 887 664 946 intelligit.

436 982 534 1029 Lib.
558 980 619 1026 V.
656 978 755 1036 (b).
822 977 962 1023 Porro
1002 974 1055 1021 de
1095 974 1336 1022 intestinis.
1407 974 1566 1021 Subito
1595 986 1777 1020 curatus
1818 972 1973 1026 homo,
2012 974 2188 1035 copiose
2231 987 2356 1022 moto

309 1046 500 1095 vomitu.
567 1040 873 1102 Diaphragma
903 1037 1109 1085 deorsum
1152 1038 1207 1083 ad
1240 1036 1382 1083 sedem
1425 1036 1567 1082 maffae
1609 1038 1784 1083 cibariae
1821 1050 1998 1083 motum
2043 1039 2355 1084 determinare.

299 1111 450 1169 &Bilem
477 1115 814 1154 excrementum
839 1101 944 1156 esse,
977 1102 1024 1148 in
1048 1101 1351 1149 ventriculum
1375 1101 1545 1147 venire.
1612 1099 1922 1154 Potiffim‘um,
1966 1104 2008 1150 ,δε
2039 1100 2259 1156 verbose,
2301 1101 2356 1161 de

311 1173 509 1219 renibus,

442 1267 538 1314 Lib.
568 1265 650 1312 VI.
688 1262 782 1322 (c).
851 1264 923 1309 De
950 1261 1098 1309 corde.
1169 1258 1354 1308 Mireris
1380 1258 1617 1306 adfirmare
1647 1261 1924 1311 GALENUM,
1955 1256 1997 1305 se
2023 1258 2076 1304 de
2096 1257 2192 1306 solo
2212 1258 2360 1306 homi-

312 1346 370 1378 ne
395 1331 565 1382 dicere,
603 1344 706 1374 cum
727 1339 878 1373 tamen
907 1343 984 1372 cor
1011 1326 1181 1384 ubique
1205 1326 1252 1370 in
1282 1324 1430 1369 medio
1450 1322 1631 1370 thorace
1664 1336 1817 1383 ponar,
1855 1323 1909 1368 ad
1935 1323 2199 1370 animalium
2224 1322 2359 1370 fabri-

314 1411 425 1442 cam.
495 1393 662 1439 Gulam
686 1390 894 1450 equidem
923 1388 1026 1435 satis
1056 1391 1172 1434 redte
1193 1388 1255 1434 ait
1275 1404 1300 1433 a
1325 1399 1486 1447 quarta
1510 1388 1715 1433 vertebra
1747 1384 2030 1432 dextrorsum
2056 1387 2216 1440 redire,
2251 1387 2359 1433 inde

313 1458 395 1504 ubi
419 1458 469 1503 in
495 1455 801 1503 ventriculum
827 1468 951 1498 nunc
985 1453 1164 1504 veniat,
1201 1449 1370 1497 sinistra
1396 1462 1557 1510 petere.
1636 1450 1788 1496 Habet
1828 1448 1963 1495 fibras
1997 1451 2046 1495 in
2085 1450 2218 1496 corde
2250 1451 2360 1498 alias

314 1522 500 1580 longas,
533 1519 640 1565 alias
663 1514 970 1564 transversas:
1018 1517 1114 1561 illas
1147 1531 1223 1560 cor
1258 1514 1442 1560 brevius
1476 1513 1659 1559 reddere
1680 1548 1692 1566 ‚
1742 1511 1821 1558 has
1847 1514 1937 1559 illis
1964 1513 2235 1566 contrarias,
2283 1530 2362 1561 an-

317 1582 501 1644 gustius.
569 1583 838 1628 Pulmonem
865 1577 1023 1639 sponte
1052 1594 1150 1623 non
1180 1578 1378 1629 moveri,
1417 1575 1491 1622 sed
1513 1593 1538 1622 a
1565 1576 1761 1623 thorace.
1846 1577 2206 1623 ASCLEPIADEM
2239 1575 2360 1624 refu-

316 1658 406 1699 tat,
445 1644 578 1692 nimis
608 1642 934 1690 mechanicum,
1003 1642 1220 1687 Valvulas
1253 1641 1399 1686 cordis
1429 1641 1600 1700 aperire
1629 1640 1764 1692 ostia,
1798 1655 1823 1685 a
1847 1639 1980 1685 corde
2001 1637 2247 1686 introrsum
2271 1652 2360 1688 tra.

320 1712 439 1762 dtas,
473 1720 527 1755 ut
565 1706 752 1754 subeant
787 1705 1095 1758 ventriculos,
1142 1721 1242 1764 quae
1274 1702 1432 1764 praesto
1462 1701 1601 1755 sunt3
1662 1704 1890 1749 valvulam
1923 1719 1978 1748 ex
2014 1702 2362 1764 triglochinibus

316 1773 488 1819 arteriae
524 1770 795 1832 pulmonalis
837 1769 1002 1817 ostium
1034 1769 1253 1814 claudere.
1338 1767 1468 1812 Vena
1503 1768 1738 1812 coronaria
1775 1766 1946 1819 cordis,
1991 1783 2105 1812 vena
2144 1768 2358 1814 anterior.

318 1837 510 1882 Succum
541 1834 736 1880 alibilem
763 1849 840 1892 per
864 1831 1074 1879 arteriam
1101 1831 1406 1891 pulmonalem
1437 1830 1493 1875 ad
1523 1847 1600 1876 cor
1632 1829 1760 1882 ferri,
1798 1846 1876 1889 per
1897 1846 2060 1876 venam
2086 1828 2289 1889 spiritum
2313 1832 2362 1877 in

316 1896 542 1946 sinistrum
565 1897 886 1943 ventriculum.
954 1896 1011 1941 111
1042 1896 1202 1940 dextro
1241 1894 1497 1939 ventriculo
1535 1895 1635 1953 plus
1680 1892 1912 1952 sanguinis
1955 1893 2016 1938 est
2039 1927 2051 1946 ,
2101 1894 2150 1939 in
2187 1892 2362 1941 sinistro

318 1963 419 2020 plus
444 1959 642 2020 spiritus.
712 1960 905 2005 Nullum
942 1974 1134 2004 nervum
1160 1960 1210 2003 in
1244 1973 1321 2002 cor
1346 1956 1577 2009 distribui,
1613 1969 1667 2002 ut
1695 1972 1841 2016 neque
1870 1957 1920 2001 in
1943 1955 2108 2016 hepar,
2152 1973 2282 2003 renes
2315 1960 2359 2004 ἃ

317 2026 502 2070 lienem.
565 2022 939 2068 Ventriculorum
965 2021 1112 2068 cordis
1141 2021 1312 2080 apicem
1341 2020 1459 2065 verti
1480 2018 1792 2065 sinistrorsum.
1862 2020 1917 2065 In
1947 2020 2123 2078 magnis
2154 2021 2358 2066 animali-

317 2086 406 2132 bus
437 2102 488 2132 os
518 2086 568 2131 111
597 2085 729 2131 corde
755 2083 862 2138 effe,
898 2087 948 2131 in
973 2086 1122 2144 parvis
1147 2083 1318 2143 aliquid
1346 2081 1785 2143 subcartilagineum.
1869 2081 2160 2129 Ventriculos
2191 2081 2363 2143 semper

324 2147 405 2195 effe
439 2148 554 2194 duos
581 2160 659 2194 aut
688 2164 866 2194 unum:
913 2148 1126 2194 dextrum
1152 2147 1458 2192 ventriculum
1480 2144 1649 2191 facium
1680 2144 1760 2191 effe
1786 2145 1843 2190 ob
1870 2146 2147 2205 pulmonem.
2215 2147 2272 2191 In
2300 2144 2364 2192 fe-

323 2224 376 2258 tu
400 2212 571 2257 arteriae
597 2227 770 2272 magna:
795 2212 1102 2272 propaginem,
1142 2212 1184 2256 &
1211 2225 1328 2255 cavae
1347 2225 1473 2254 venae
1502 2208 1728 2254 orificium
1753 2209 1807 2254 ad
1832 2210 2094 2268 pulmonem
2122 2209 2360 2268 pertinere.

319 2275 714 2334 Experimentum,
751 2278 936 2320 arterias
966 2274 1244 2319 umbilicales
1274 2273 1431 2331 ligatas
1466 2270 1634 2323 facere,
1672 2284 1726 2318 ut
1762 2288 1918 2318 omnes
1949 2274 2120 2317 atteriae
2149 2271 2362 2320 secunda-

319 2354 423 2384 rum
452 2336 712 2396 quiescant3
748 2336 890 2383 facere
917 2339 959 2383 &
985 2353 1122 2382 venas
1144 2354 1155 2381 :
1190 2333 1265 2381 sed
1294 2335 1345 2380 in
1373 2333 1469 2381 fetu
1494 2335 1550 2380 ab
1584 2336 1663 2381 illo
1699 2336 1884 2381 vinculo
1908 2334 2089 2394 pulsum
2114 2351 2210 2381 non
2237 2338 2364 2390 tolli,

324 2400 380 2446 ab
408 2400 492 2446 isto
515 2400 690 2460 utique·
757 2402 849 2446 Iter
876 2416 955 2462 per
981 2398 1187 2446 foramen
1219 2399 1374 2450 ovale,
1418 2414 1587 2459 perque
1628 2398 1816 2445 dudlum
1847 2396 2112 2445 arteriosum
2143 2401 2261 2445 1·οέὶο
2289 2416 2366 2446 ex-

321 2475 464 2525 ponit.

453 2558 549 2605 Lib.
576 2559 680 2604 VII.
719 2558 819 2612 (cl).
887 2561 960 2607 De
988 2561 1217 2620 pulmone.
1287 2560 1460 2605 Iterum
1491 2559 1698 2605 animalia
1723 2556 1966 2604 describere
1991 2558 2216 2611 vincitur,
2261 2574 2364 2605 cum

321 2624 535 2683 quintum
561 2622 718 2668 lobum
745 2638 872 2667 venae
898 2640 1018 2668 cavae
1045 2622 1294 2678 subjeetum
1321 2621 1551 2668 describat.
1635 2624 1797 2668 Aerem
1832 2623 1887 2667 ad
1914 2638 1990 2668 cor
2016 2622 2196 2674 venire,
2247 2624 2287 2669 ὃς
2314 2624 2365 2668 in

319 2684 496 2732 sinistro
525 2685 780 2731 ‘ventriculo
804 2701 907 2731 cum
933 2679 1152 2745 sanguine
1183 2685 1365 2731 mistum
1387 2684 1507 2739 effe‚.
1533 2682 1612 2745 qui
1639 2686 1689 2731 111
1715 2685 1877 2731 dextro
1897 2700 2042 2744 purus
2067 2682 2135 2730 fit.
2201 2686 2363 2757 Aerem

372 2810 433 2858 (a)
461 2810 564 2850 Citat
589 2808 628 2848 se
656 2808 781 2859 ipsum
809 2809 857 2848 de
882 2812 977 2859 plac.
1008 2809 1187 2853 erpoc.
1217 2811 1255 2850 ⁴&
1283 2809 1521 2852 Prin-oms,
2316 2763 2371 2798 m

373 2862 437 2911 (b)
467 2862 569 2902 Citat
598 2861 664 2900 lib.
695 2863 743 2899 de
759 2860 1030 2911 facultatibus.

371 2915 434 2964 (c)
462 2915 563 2954 Alias
591 2913 628 2952 se
653 2913 844 2952 dicturum
874 2914 923 2952 de
947 2912 1173 2953 animalibus
1201 2913 1227 2952 fi
1258 2914 1398 2954 vixerit
1421 2925 1452 2956 c.
1477 2924 1512 2964 3.
1570 2911 1672 2953 citat
1695 2912 1805 2954 suum
1826 2912 1969 2955 librum
1994 2908 2042 2954 de
2067 2908 2278 2969 dzfficandi
2296 2926 2361 2955 νι-

499 2970 627 3012 tione,
656 2967 691 3004 &
721 2965 771 3004 de
798 2973 905 3004 motu
926 2968 1050 3015 pulm.

374 3019 440 3070 (d)
468 3018 570 3060 Citat
594 3017 663 3058 lib.
678 3017 728 3058 de
752 3031 838 3057 voce
868 3017 1076 3061 preocR.
1106 3018 1140 3057 &
1172 3017 1301 3058 Pru.
1326 3020 1464 3059 decret.
