<?xml version="1.0" encoding="UTF-8"?>
<!DOCTYPE html PUBLIC "-//W3C//DTD XHTML 1.0 Transitional//EN"
    "http://www.w3.org/TR/xhtml1/DTD/xhtml1-transitional.dtd">
<html xmlns="http://www.w3.org/1999/xhtml" xml:lang="en" lang="en">
 <head>
  <title>
</title>
<meta http-equiv="Content-Type" content="text/html;charset=utf-8" />
  <meta name='ocr-system' content='tesseract 3.04.00' />
  <meta name='ocr-capabilities' content='ocr_page ocr_carea ocr_par ocr_line ocrx_word'/>
</head>
<body>
  <div class='ocr_page' id='page_1' title='image "bibliothecaanato01hall_0564.png"; bbox 0 0 2556 3442; ppageno 0'>
   <div class='ocr_carea' id='block_1_1' title="bbox 1200 7 1220 15">
    <p class='ocr_par' dir='ltr' id='par_1_1' title="bbox 1200 7 1220 15">
     <span class='ocr_line' id='line_1_1' title="bbox 1200 7 1220 15; baseline 0 0"><span class='ocrx_word' id='word_1_1' title='bbox 1200 7 1220 15; x_wconf 56' lang='lat' dir='ltr'><em>a</em></span> 
     </span>
    </p>
   </div>
   <div class='ocr_carea' id='block_1_2' title="bbox 313 146 2001 249">
    <p class='ocr_par' dir='ltr' id='par_1_2' title="bbox 313 146 2001 249">
     <span class='ocr_line' id='line_1_2' title="bbox 313 146 2001 249; baseline -0.009 -17"><span class='ocrx_word' id='word_1_2' title='bbox 313 184 408 235; x_wconf 71' lang='lat'>550</span> <span class='ocrx_word' id='word_1_3' title='bbox 678 146 950 222; x_wconf 60' lang='lat' dir='ltr'>riam.</span> <span class='ocrx_word' id='word_1_4' title='bbox 989 169 1474 249; x_wconf 28' lang='lat' dir='ltr'>‚ANIMALIUM</span> <span class='ocrx_word' id='word_1_5' title='bbox 1520 168 2001 219; x_wconf 76' lang='lat' dir='ltr'>1Ncis1oNEs.·</span> 
     </span>
    </p>
   </div>
   <div class='ocr_carea' id='block_1_3' title="bbox 304 289 2370 556">
    <p class='ocr_par' dir='ltr' id='par_1_3' title="bbox 304 289 2370 556">
     <span class='ocr_line' id='line_1_3' title="bbox 433 289 2367 364; baseline -0.001 -14"><span class='ocrx_word' id='word_1_6' title='bbox 433 300 614 350; x_wconf 85' lang='lat' dir='ltr'><strong>Deinde</strong></span> <span class='ocrx_word' id='word_1_7' title='bbox 637 301 876 364; x_wconf 80' lang='lat' dir='ltr'>epistolam,</span> <span class='ocrx_word' id='word_1_8' title='bbox 902 312 964 348; x_wconf 78' lang='lat' dir='ltr'>ut</span> <span class='ocrx_word' id='word_1_9' title='bbox 987 314 1102 364; x_wconf 86' lang='lat' dir='ltr'>puto</span> <span class='ocrx_word' id='word_1_10' title='bbox 1119 336 1131 356; x_wconf 93' lang='lat'>,</span> <span class='ocrx_word' id='word_1_11' title='bbox 1168 317 1292 348; x_wconf 88' lang='lat' dir='ltr'>anno</span> <span class='ocrx_word' id='word_1_12' title='bbox 1317 306 1452 357; x_wconf 88' lang='lat'>1669.</span> <span class='ocrx_word' id='word_1_13' title='bbox 1478 297 1689 359; x_wconf 80' lang='lat' dir='ltr'>scriptam</span> <span class='ocrx_word' id='word_1_14' title='bbox 1719 310 1882 346; x_wconf 82' lang='lat' dir='ltr'>contra</span> <span class='ocrx_word' id='word_1_15' title='bbox 1908 298 2061 348; x_wconf 70' lang='lat' dir='ltr'><strong>EDME</strong></span> <span class='ocrx_word' id='word_1_16' title='bbox 2082 289 2367 349; x_wconf 54' lang='lat' dir='ltr'>MnuloTTE</span> 
     </span>
     <span class='ocr_line' id='line_1_4' title="bbox 309 363 2369 426; baseline -0.001 -12"><span class='ocrx_word' id='word_1_17' title='bbox 309 383 481 424; x_wconf 79' lang='lat' dir='ltr'>novam</span> <span class='ocrx_word' id='word_1_18' title='bbox 507 367 561 413; x_wconf 87' lang='lat' dir='ltr'>de</span> <span class='ocrx_word' id='word_1_19' title='bbox 583 368 727 414; x_wconf 89' lang='lat' dir='ltr'>oculis</span> <span class='ocrx_word' id='word_1_20' title='bbox 755 365 995 414; x_wconf 88' lang='lat' dir='ltr'>theoriam.</span> <span class='ocrx_word' id='word_1_21' title='bbox 1062 367 1295 414; x_wconf 87' lang='lat' dir='ltr'>Eventum</span> <span class='ocrx_word' id='word_1_22' title='bbox 1318 364 1614 425; x_wconf 81' lang='lat' dir='ltr'>experimenti</span> <span class='ocrx_word' id='word_1_23' title='bbox 1641 364 1737 425; x_wconf 82' lang='lat' dir='ltr'>ejus</span> <span class='ocrx_word' id='word_1_24' title='bbox 1765 364 1884 418; x_wconf 91' lang='lat' dir='ltr'>viri,</span> <span class='ocrx_word' id='word_1_25' title='bbox 1935 379 2190 426; x_wconf 67' lang='lat' dir='ltr'>caecamque</span> <span class='ocrx_word' id='word_1_26' title='bbox 2214 363 2369 412; x_wconf 80' lang='lat' dir='ltr'>sedem</span> 
     </span>
     <span class='ocr_line' id='line_1_5' title="bbox 307 427 2370 492; baseline -0 -13"><span class='ocrx_word' id='word_1_27' title='bbox 307 433 439 479; x_wconf 74' lang='lat' dir='ltr'>nervi</span> <span class='ocrx_word' id='word_1_28' title='bbox 464 432 629 492; x_wconf 85' lang='lat' dir='ltr'>optici,</span> <span class='ocrx_word' id='word_1_29' title='bbox 667 429 806 480; x_wconf 87' lang='lat' dir='ltr'>refert</span> <span class='ocrx_word' id='word_1_30' title='bbox 837 431 893 478; x_wconf 90' lang='lat' dir='ltr'>ad</span> <span class='ocrx_word' id='word_1_31' title='bbox 917 431 1129 481; x_wconf 84' lang='lat' dir='ltr'>arteriam</span> <span class='ocrx_word' id='word_1_32' title='bbox 1159 431 1402 478; x_wconf 85' lang='lat' dir='ltr'>centralem</span> <span class='ocrx_word' id='word_1_33' title='bbox 1428 430 1587 476; x_wconf 83' lang='lat' dir='ltr'>retinae</span> <span class='ocrx_word' id='word_1_34' title='bbox 1617 427 1745 492; x_wconf 89' lang='lat' dir='ltr'>(p).</span> <span class='ocrx_word' id='word_1_35' title='bbox 1827 429 2014 477; x_wconf 76' lang='lat' dir='ltr'>Titulus</span> <span class='ocrx_word' id='word_1_36' title='bbox 2042 429 2104 477; x_wconf 82' lang='lat' dir='ltr'>est</span> <span class='ocrx_word' id='word_1_37' title='bbox 2131 434 2280 477; x_wconf 88' lang='lat' dir='ltr'>Lettre</span> <span class='ocrx_word' id='word_1_38' title='bbox 2309 445 2370 478; x_wconf 78' lang='lat' dir='ltr'>au</span> 
     </span>
     <span class='ocr_line' id='line_1_6' title="bbox 304 495 2318 556; baseline -0.001 -14"><span class='ocrx_word' id='word_1_39' title='bbox 304 495 418 556; x_wconf 78' lang='lat' dir='ltr'>fnjet</span> <span class='ocrx_word' id='word_1_40' title='bbox 445 495 574 542; x_wconf 78' lang='lat' dir='ltr'>d’une</span> <span class='ocrx_word' id='word_1_41' title='bbox 600 497 791 543; x_wconf 81' lang='lat' dir='ltr'>nouvelle</span> <span class='ocrx_word' id='word_1_42' title='bbox 814 496 1070 544; x_wconf 79' lang='lat' dir='ltr'>decouverte</span> <span class='ocrx_word' id='word_1_43' title='bbox 1086 497 1236 556; x_wconf 52' lang='lat' dir='ltr'>ficr⁴la</span> <span class='ocrx_word' id='word_1_44' title='bbox 1259 511 1356 541; x_wconf 83' lang='lat' dir='ltr'>vue.</span> <span class='ocrx_word' id='word_1_45' title='bbox 2314 520 2318 523; x_wconf 85' lang='lat'><em>-</em></span> 
     </span>
    </p>
   </div>
   <div class='ocr_carea' id='block_1_4' title="bbox 307 575 2370 704">
    <p class='ocr_par' dir='ltr' id='par_1_4' title="bbox 307 575 2370 704">
     <span class='ocr_line' id='line_1_7' title="bbox 441 575 2370 638; baseline -0.001 -10"><span class='ocrx_word' id='word_1_46' title='bbox 441 581 580 628; x_wconf 77' lang='lat' dir='ltr'><strong>IDEM</strong></span> <span class='ocrx_word' id='word_1_47' title='bbox 621 579 809 626; x_wconf 53' lang='lat' dir='ltr'>dublum</span> <span class='ocrx_word' id='word_1_48' title='bbox 848 595 903 625; x_wconf 84' lang='lat' dir='ltr'>ex</span> <span class='ocrx_word' id='word_1_49' title='bbox 941 576 1237 638; x_wconf 54' lang='lat' dir='ltr'>hepatem)</span> <span class='ocrx_word' id='word_1_50' title='bbox 1282 577 1440 624; x_wconf 87' lang='lat' dir='ltr'>multis</span> <span class='ocrx_word' id='word_1_51' title='bbox 1477 576 1614 623; x_wconf 79' lang='lat' dir='ltr'>ramis</span> <span class='ocrx_word' id='word_1_52' title='bbox 1657 589 1837 630; x_wconf 86' lang='lat' dir='ltr'>ortum,</span> <span class='ocrx_word' id='word_1_53' title='bbox 1884 577 1933 623; x_wconf 87' lang='lat' dir='ltr'>in</span> <span class='ocrx_word' id='word_1_54' title='bbox 1970 575 2214 624; x_wconf 74' lang='lat' dir='ltr'>vesiculam</span> <span class='ocrx_word' id='word_1_55' title='bbox 2251 575 2370 626; x_wconf 80' lang='lat' dir='ltr'>fellis</span> 
     </span>
     <span class='ocr_line' id='line_1_8' title="bbox 307 641 2063 704; baseline -0.002 -12"><span class='ocrx_word' id='word_1_56' title='bbox 307 642 560 699; x_wconf 86' lang='lat' dir='ltr'>insertum,</span> <span class='ocrx_word' id='word_1_57' title='bbox 598 645 641 691; x_wconf 73' lang='grc' dir='ltr'>δι</span> <span class='ocrx_word' id='word_1_58' title='bbox 670 644 720 690; x_wconf 90' lang='lat' dir='ltr'>in</span> <span class='ocrx_word' id='word_1_59' title='bbox 753 642 1013 704; x_wconf 83' lang='lat' dir='ltr'>hepaticum</span> <span class='ocrx_word' id='word_1_60' title='bbox 1044 641 1250 693; x_wconf 59' lang='lat' dir='ltr'>ductum,</span> <span class='ocrx_word' id='word_1_61' title='bbox 1283 657 1339 686; x_wconf 84' lang='lat' dir='ltr'>ex</span> <span class='ocrx_word' id='word_1_62' title='bbox 1370 641 1640 687; x_wconf 81' lang='lat' dir='ltr'>animalibus</span> <span class='ocrx_word' id='word_1_63' title='bbox 1665 641 1895 702; x_wconf 45' lang='lat' dir='ltr'>depictum</span> <span class='ocrx_word' id='word_1_64' title='bbox 1925 641 2063 689; x_wconf 85' lang='lat' dir='ltr'>dedit.</span> 
     </span>
    </p>
   </div>
   <div class='ocr_carea' id='block_1_5' title="bbox 309 720 2446 911">
    <p class='ocr_par' dir='ltr' id='par_1_5' title="bbox 309 720 2446 911">
     <span class='ocr_line' id='line_1_9' title="bbox 436 720 2446 787; baseline -0.001 -14"><span class='ocrx_word' id='word_1_65' title='bbox 436 726 653 787; x_wconf 81' lang='lat' dir='ltr'>Reperias</span> <span class='ocrx_word' id='word_1_66' title='bbox 685 726 821 772; x_wconf 82' lang='lat' dir='ltr'>etiam</span> <span class='ocrx_word' id='word_1_67' title='bbox 847 725 968 771; x_wconf 85' lang='lat' dir='ltr'>inter</span> <span class='ocrx_word' id='word_1_68' title='bbox 988 720 1151 782; x_wconf 87' lang='lat' dir='ltr'>scripta</span> <span class='ocrx_word' id='word_1_69' title='bbox 1177 722 1396 769; x_wconf 75' lang='lat' dir='ltr'>CLAUDII</span> <span class='ocrx_word' id='word_1_70' title='bbox 1434 723 1612 782; x_wconf 77' lang='lat' dir='ltr'>aliquot</span> <span class='ocrx_word' id='word_1_71' title='bbox 1635 723 1792 771; x_wconf 87' lang='lat' dir='ltr'>breves</span> <span class='ocrx_word' id='word_1_72' title='bbox 1828 723 2006 772; x_wconf 88' lang='lat' dir='ltr'>libellos</span> <span class='ocrx_word' id='word_1_73' title='bbox 2035 723 2088 771; x_wconf 90' lang='lat' dir='ltr'>de</span> <span class='ocrx_word' id='word_1_74' title='bbox 2113 723 2369 772; x_wconf 85' lang='lat' dir='ltr'>communi-</span> <span class='ocrx_word' id='word_1_75' title='bbox 2436 742 2446 743; x_wconf 28' lang='lat' dir='ltr'><em>ff</em></span> 
     </span>
     <span class='ocr_line' id='line_1_10' title="bbox 309 783 2367 846; baseline -0.002 -6"><span class='ocrx_word' id='word_1_76' title='bbox 309 791 489 840; x_wconf 82' lang='lat' dir='ltr'>catione</span> <span class='ocrx_word' id='word_1_77' title='bbox 527 792 816 845; x_wconf 15' lang='lat' dir='ltr'>interffffvenas</span> <span class='ocrx_word' id='word_1_78' title='bbox 848 788 1005 834; x_wconf 82' lang='lat' dir='ltr'>rubras</span> <span class='ocrx_word' id='word_1_79' title='bbox 1045 787 1087 832; x_wconf 87' lang='lat'>&amp;</span> <span class='ocrx_word' id='word_1_80' title='bbox 1122 783 1228 832; x_wconf 85' lang='lat' dir='ltr'>vasa</span> <span class='ocrx_word' id='word_1_81' title='bbox 1262 785 1565 846; x_wconf 78' lang='lat' dir='ltr'>lymphatica,</span> <span class='ocrx_word' id='word_1_82' title='bbox 1607 803 1706 846; x_wconf 74' lang='lat' dir='ltr'>quae</span> <span class='ocrx_word' id='word_1_83' title='bbox 1739 800 1892 834; x_wconf 86' lang='lat' dir='ltr'>tamen</span> <span class='ocrx_word' id='word_1_84' title='bbox 1928 789 1988 835; x_wconf 85' lang='lat' dir='ltr'>est</span> <span class='ocrx_word' id='word_1_85' title='bbox 2018 790 2281 844; x_wconf 44' lang='lat' dir='ltr'>Paeo-urm</span> <span class='ocrx_word' id='word_1_86' title='bbox 2322 789 2367 835; x_wconf 83' lang='lat'>&amp;</span> 
     </span>
     <span class='ocr_line' id='line_1_11' title="bbox 309 848 2371 911; baseline -0.001 -8"><span class='ocrx_word' id='word_1_87' title='bbox 309 857 569 904; x_wconf 79' lang='lat' dir='ltr'>GAYANTI.</span> <span class='ocrx_word' id='word_1_88' title='bbox 666 853 845 902; x_wconf 74' lang='lat' dir='ltr'>Primus</span> <span class='ocrx_word' id='word_1_89' title='bbox 878 852 1067 898; x_wconf 67' lang='lat' dir='ltr'>dud&#39;tum</span> <span class='ocrx_word' id='word_1_90' title='bbox 1108 848 1395 897; x_wconf 78' lang='lat' dir='ltr'>thoracicum</span> <span class='ocrx_word' id='word_1_91' title='bbox 1433 851 1584 911; x_wconf 81' lang='lat' dir='ltr'>pinxit</span> <span class='ocrx_word' id='word_1_92' title='bbox 1608 884 1621 904; x_wconf 93' lang='lat'>,</span> <span class='ocrx_word' id='word_1_93' title='bbox 1668 849 1979 900; x_wconf 86' lang='lat' dir='ltr'>descendendo</span> <span class='ocrx_word' id='word_1_94' title='bbox 2011 854 2063 900; x_wconf 90' lang='lat' dir='ltr'>in</span> <span class='ocrx_word' id='word_1_95' title='bbox 2102 870 2268 900; x_wconf 83' lang='lat' dir='ltr'>venam</span> <span class='ocrx_word' id='word_1_96' title='bbox 2299 853 2371 900; x_wconf 86' lang='lat' dir='ltr'>in-</span> 
     </span>
    </p>
   </div>
   <div class='ocr_carea' id='block_1_6' title="bbox 303 919 497 969">
    <p class='ocr_par' dir='ltr' id='par_1_6' title="bbox 303 919 497 969">
     <span class='ocr_line' id='line_1_12' title="bbox 303 919 497 969; baseline -0.01 0"><span class='ocrx_word' id='word_1_97' title='bbox 303 919 497 969; x_wconf 83' lang='lat' dir='ltr'>miffum.</span> 
     </span>
    </p>
   </div>
   <div class='ocr_carea' id='block_1_7' title="bbox 304 994 2371 1384">
    <p class='ocr_par' dir='ltr' id='par_1_7' title="bbox 304 994 2371 1384">
     <span class='ocr_line' id='line_1_13' title="bbox 435 994 2370 1062; baseline -0.001 -13"><span class='ocrx_word' id='word_1_98' title='bbox 435 999 618 1050; x_wconf 88' lang='lat' dir='ltr'>Deinde</span> <span class='ocrx_word' id='word_1_99' title='bbox 642 1000 817 1062; x_wconf 82' lang='lat' dir='ltr'>majora</span> <span class='ocrx_word' id='word_1_100' title='bbox 836 997 1054 1061; x_wconf 82' lang='lat' dir='ltr'>opuscula</span> <span class='ocrx_word' id='word_1_101' title='bbox 1077 994 1263 1059; x_wconf 83' lang='lat' dir='ltr'>scripfit.</span> <span class='ocrx_word' id='word_1_102' title='bbox 1332 999 1411 1044; x_wconf 81' lang='lat' dir='ltr'>Du</span> <span class='ocrx_word' id='word_1_103' title='bbox 1453 1009 1723 1044; x_wconf 79' lang='lat' dir='ltr'>mouvement</span> <span class='ocrx_word' id='word_1_104' title='bbox 1748 998 2040 1060; x_wconf 68' lang='lat' dir='ltr'>per-{stultique</span> <span class='ocrx_word' id='word_1_105' title='bbox 2073 1003 2120 1046; x_wconf 82' lang='lat' dir='ltr'>in</span> <span class='ocrx_word' id='word_1_106' title='bbox 2153 998 2280 1062; x_wconf 75' lang='lat' dir='ltr'>Effizis</span> <span class='ocrx_word' id='word_1_107' title='bbox 2314 998 2370 1047; x_wconf 83' lang='lat' dir='ltr'>de</span> 
     </span>
     <span class='ocr_line' id='line_1_14' title="bbox 308 1060 2370 1130; baseline -0.003 -14"><span class='ocrx_word' id='word_1_108' title='bbox 308 1065 472 1130; x_wconf 57' lang='lat' dir='ltr'>Phyfiq.</span> <span class='ocrx_word' id='word_1_109' title='bbox 504 1067 559 1114; x_wconf 88' lang='lat' dir='ltr'>T.</span> <span class='ocrx_word' id='word_1_110' title='bbox 580 1066 614 1113; x_wconf 88' lang='grc' dir='ltr'>Ι.</span> <span class='ocrx_word' id='word_1_111' title='bbox 670 1067 742 1113; x_wconf 82' lang='lat' dir='ltr'>De</span> <span class='ocrx_word' id='word_1_112' title='bbox 763 1065 959 1113; x_wconf 81' lang='lat' dir='ltr'>valvulis</span> <span class='ocrx_word' id='word_1_113' title='bbox 984 1060 1178 1110; x_wconf 85' lang='lat' dir='ltr'>venosis.</span> <span class='ocrx_word' id='word_1_114' title='bbox 1247 1062 1318 1107; x_wconf 86' lang='lat' dir='ltr'>De</span> <span class='ocrx_word' id='word_1_115' title='bbox 1349 1061 1478 1122; x_wconf 83' lang='lat' dir='ltr'>plicis</span> <span class='ocrx_word' id='word_1_116' title='bbox 1504 1061 1844 1109; x_wconf 86' lang='lat' dir='ltr'>intestinorum.</span> <span class='ocrx_word' id='word_1_117' title='bbox 1923 1062 1996 1109; x_wconf 91' lang='lat' dir='ltr'>De</span> <span class='ocrx_word' id='word_1_118' title='bbox 2023 1075 2155 1110; x_wconf 85' lang='lat' dir='ltr'>motu</span> <span class='ocrx_word' id='word_1_119' title='bbox 2191 1062 2370 1111; x_wconf 86' lang='lat' dir='ltr'>muscu-</span> 
     </span>
     <span class='ocr_line' id='line_1_15' title="bbox 308 1125 2368 1192; baseline -0.003 -12"><span class='ocrx_word' id='word_1_120' title='bbox 308 1134 484 1185; x_wconf 86' lang='lat' dir='ltr'>lorum,</span> <span class='ocrx_word' id='word_1_121' title='bbox 529 1131 661 1192; x_wconf 77' lang='lat' dir='ltr'>cujus</span> <span class='ocrx_word' id='word_1_122' title='bbox 698 1126 875 1176; x_wconf 79' lang='lat' dir='ltr'>causam</span> <span class='ocrx_word' id='word_1_123' title='bbox 913 1127 996 1175; x_wconf 86' lang='lat' dir='ltr'>effe</span> <span class='ocrx_word' id='word_1_124' title='bbox 1025 1139 1158 1190; x_wconf 87' lang='lat' dir='ltr'>putat</span> <span class='ocrx_word' id='word_1_125' title='bbox 1196 1126 1557 1173; x_wconf 64' lang='lat' dir='ltr'>contraffionffln</span> <span class='ocrx_word' id='word_1_126' title='bbox 1591 1125 1811 1173; x_wconf 82' lang='lat' dir='ltr'>fibrarum</span> <span class='ocrx_word' id='word_1_127' title='bbox 1840 1127 2120 1173; x_wconf 71' lang='lat' dir='ltr'>membranae</span> <span class='ocrx_word' id='word_1_128' title='bbox 2151 1128 2332 1174; x_wconf 72' lang='lat' dir='ltr'>extimae</span> <span class='ocrx_word' id='word_1_129' title='bbox 2350 1145 2368 1180; x_wconf 87' lang='lat'>;</span> 
     </span>
     <span class='ocr_line' id='line_1_16' title="bbox 308 1190 2370 1257; baseline -0.003 -13"><span class='ocrx_word' id='word_1_130' title='bbox 308 1195 575 1256; x_wconf 71' lang='lat' dir='ltr'>causamque</span> <span class='ocrx_word' id='word_1_131' title='bbox 604 1195 702 1257; x_wconf 80' lang='lat' dir='ltr'>ejus</span> <span class='ocrx_word' id='word_1_132' title='bbox 734 1206 887 1241; x_wconf 81' lang='lat' dir='ltr'>motus</span> <span class='ocrx_word' id='word_1_133' title='bbox 914 1191 995 1239; x_wconf 80' lang='lat' dir='ltr'>effe</span> <span class='ocrx_word' id='word_1_134' title='bbox 1029 1194 1239 1239; x_wconf 81' lang='lat' dir='ltr'>elaterem</span> <span class='ocrx_word' id='word_1_135' title='bbox 1267 1192 1534 1236; x_wconf 65' lang='lat' dir='ltr'>naturalem.</span> <span class='ocrx_word' id='word_1_136' title='bbox 1603 1191 1643 1237; x_wconf 88' lang='lat' dir='ltr'><strong>A</strong></span> <span class='ocrx_word' id='word_1_137' title='bbox 1677 1192 1957 1238; x_wconf 80' lang='lat' dir='ltr'>relaxatione</span> <span class='ocrx_word' id='word_1_138' title='bbox 1998 1190 2241 1238; x_wconf 82' lang='lat' dir='ltr'>adversarii</span> <span class='ocrx_word' id='word_1_139' title='bbox 2270 1207 2370 1237; x_wconf 85' lang='lat' dir='ltr'>mu-</span> 
     </span>
     <span class='ocr_line' id='line_1_17' title="bbox 304 1253 2371 1321; baseline -0.002 -14"><span class='ocrx_word' id='word_1_140' title='bbox 304 1260 417 1308; x_wconf 74' lang='lat' dir='ltr'>sculi</span> <span class='ocrx_word' id='word_1_141' title='bbox 446 1275 657 1321; x_wconf 86' lang='lat' dir='ltr'>magnam</span> <span class='ocrx_word' id='word_1_142' title='bbox 681 1270 856 1320; x_wconf 82' lang='lat' dir='ltr'>partem</span> <span class='ocrx_word' id='word_1_143' title='bbox 885 1258 982 1319; x_wconf 86' lang='lat' dir='ltr'>ejus</span> <span class='ocrx_word' id='word_1_144' title='bbox 1002 1271 1157 1304; x_wconf 82' lang='lat' dir='ltr'>motus</span> <span class='ocrx_word' id='word_1_145' title='bbox 1187 1254 1386 1301; x_wconf 80' lang='lat' dir='ltr'>deducit.</span> <span class='ocrx_word' id='word_1_146' title='bbox 1454 1253 1612 1301; x_wconf 83' lang='lat' dir='ltr'>Fibras</span> <span class='ocrx_word' id='word_1_147' title='bbox 1645 1255 1985 1317; x_wconf 85' lang='lat' dir='ltr'>longitudinem</span> <span class='ocrx_word' id='word_1_148' title='bbox 2022 1253 2261 1316; x_wconf 77' lang='lat' dir='ltr'>sequ‘entes</span> <span class='ocrx_word' id='word_1_149' title='bbox 2293 1256 2371 1302; x_wconf 85' lang='lat' dir='ltr'>ha-</span> 
     </span>
     <span class='ocr_line' id='line_1_18' title="bbox 306 1317 2066 1384; baseline -0.004 -12"><span class='ocrx_word' id='word_1_150' title='bbox 306 1325 411 1373; x_wconf 80' lang='lat' dir='ltr'>bere</span> <span class='ocrx_word' id='word_1_151' title='bbox 443 1336 624 1372; x_wconf 86' lang='lat' dir='ltr'>tantum</span> <span class='ocrx_word' id='word_1_152' title='bbox 652 1331 843 1370; x_wconf 63' lang='lat' dir='ltr'>motum&#39;</span> <span class='ocrx_word' id='word_1_153' title='bbox 859 1320 1108 1384; x_wconf 70' lang='lat' dir='ltr'>passivum,</span> <span class='ocrx_word' id='word_1_154' title='bbox 1139 1320 1194 1368; x_wconf 83' lang='lat' dir='ltr'>ad</span> <span class='ocrx_word' id='word_1_155' title='bbox 1220 1317 1422 1380; x_wconf 77' lang='lat' dir='ltr'>ligandas</span> <span class='ocrx_word' id='word_1_156' title='bbox 1449 1318 1725 1366; x_wconf 79' lang='lat' dir='ltr'>transversas</span> <span class='ocrx_word' id='word_1_157' title='bbox 1745 1318 2066 1375; x_wconf 71' lang='lat' dir='ltr'>necessarium„</span> 
     </span>
    </p>
   </div>
   <div class='ocr_carea' id='block_1_8' title="bbox 303 1402 2377 1722">
    <p class='ocr_par' dir='ltr' id='par_1_8' title="bbox 303 1402 2377 1722">
     <span class='ocr_line' id='line_1_19' title="bbox 432 1402 2377 1468; baseline -0.002 -13"><span class='ocrx_word' id='word_1_158' title='bbox 432 1408 610 1455; x_wconf 85' lang='lat' dir='ltr'>Tomus</span> <span class='ocrx_word' id='word_1_159' title='bbox 623 1407 683 1454; x_wconf 89' lang='grc' dir='ltr'>ΙΙ.</span> <span class='ocrx_word' id='word_1_160' title='bbox 716 1406 864 1468; x_wconf 88' lang='lat' dir='ltr'>operis</span> <span class='ocrx_word' id='word_1_161' title='bbox 877 1403 1021 1468; x_wconf 64' lang='lat' dir='ltr'><em>Effizys</em></span> <span class='ocrx_word' id='word_1_162' title='bbox 1034 1405 1085 1452; x_wconf 80' lang='lat' dir='ltr'>de</span> <span class='ocrx_word' id='word_1_163' title='bbox 1097 1402 1303 1464; x_wconf 60' lang='lat' dir='ltr'>Phjfique</span> <span class='ocrx_word' id='word_1_164' title='bbox 1315 1413 1440 1448; x_wconf 82' lang='lat' dir='ltr'>totus</span> <span class='ocrx_word' id='word_1_165' title='bbox 1455 1403 1653 1462; x_wconf 85' lang='lat' dir='ltr'>pertinet</span> <span class='ocrx_word' id='word_1_166' title='bbox 1665 1402 1721 1449; x_wconf 89' lang='lat' dir='ltr'>ad</span> <span class='ocrx_word' id='word_1_167' title='bbox 1734 1403 1959 1457; x_wconf 82' lang='lat' dir='ltr'>auditum,</span> <span class='ocrx_word' id='word_1_168' title='bbox 1975 1420 2079 1450; x_wconf 88' lang='lat' dir='ltr'>cum</span> <span class='ocrx_word' id='word_1_169' title='bbox 2092 1403 2231 1450; x_wconf 89' lang='lat' dir='ltr'>titulo</span> <span class='ocrx_word' id='word_1_170' title='bbox 2242 1406 2377 1451; x_wconf 62' lang='lat' dir='ltr'>truite</span> 
     </span>
     <span class='ocr_line' id='line_1_20' title="bbox 303 1464 2371 1534; baseline -0.002 -14"><span class='ocrx_word' id='word_1_171' title='bbox 303 1472 362 1521; x_wconf 74' lang='lat' dir='ltr'>du</span> <span class='ocrx_word' id='word_1_172' title='bbox 390 1471 525 1519; x_wconf 77' lang='lat' dir='ltr'>bruit.</span> <span class='ocrx_word' id='word_1_173' title='bbox 596 1473 840 1534; x_wconf 84' lang='lat' dir='ltr'>Organum</span> <span class='ocrx_word' id='word_1_174' title='bbox 865 1470 1048 1518; x_wconf 87' lang='lat' dir='ltr'>auditus</span> <span class='ocrx_word' id='word_1_175' title='bbox 1072 1468 1222 1515; x_wconf 81' lang='lat' dir='ltr'>noster</span> <span class='ocrx_word' id='word_1_176' title='bbox 1248 1464 1500 1526; x_wconf 78' lang='lat' dir='ltr'>descripfit‚</span> <span class='ocrx_word' id='word_1_177' title='bbox 1533 1467 1779 1528; x_wconf 80' lang='lat' dir='ltr'>iconesque</span> <span class='ocrx_word' id='word_1_178' title='bbox 1803 1468 1952 1521; x_wconf 88' lang='lat' dir='ltr'>dedit,</span> <span class='ocrx_word' id='word_1_179' title='bbox 1992 1466 2274 1529; x_wconf 82' lang='lat' dir='ltr'>potiffimum</span> <span class='ocrx_word' id='word_1_180' title='bbox 2314 1484 2371 1515; x_wconf 84' lang='lat' dir='ltr'>ex</span> 
     </span>
     <span class='ocr_line' id='line_1_21' title="bbox 303 1529 2370 1597; baseline -0.002 -13"><span class='ocrx_word' id='word_1_181' title='bbox 303 1538 464 1585; x_wconf 71' lang='lat' dir='ltr'>avibus</span> <span class='ocrx_word' id='word_1_182' title='bbox 490 1553 633 1584; x_wconf 84' lang='lat' dir='ltr'>novas</span> <span class='ocrx_word' id='word_1_183' title='bbox 655 1535 909 1597; x_wconf 84' lang='lat' dir='ltr'>bonasque.</span> <span class='ocrx_word' id='word_1_184' title='bbox 978 1535 1217 1582; x_wconf 82' lang='lat' dir='ltr'>Laminam</span> <span class='ocrx_word' id='word_1_185' title='bbox 1247 1529 1461 1591; x_wconf 77' lang='lat' dir='ltr'>spiralem</span> <span class='ocrx_word' id='word_1_186' title='bbox 1488 1531 1681 1578; x_wconf 76' lang='lat' dir='ltr'>cochleze</span> <span class='ocrx_word' id='word_1_187' title='bbox 1713 1532 1887 1592; x_wconf 89' lang='lat' dir='ltr'>primus</span> <span class='ocrx_word' id='word_1_188' title='bbox 1909 1531 2070 1579; x_wconf 86' lang='lat' dir='ltr'>habuit</span> <span class='ocrx_word' id='word_1_189' title='bbox 2093 1549 2176 1593; x_wconf 89' lang='lat' dir='ltr'>pro</span> <span class='ocrx_word' id='word_1_190' title='bbox 2196 1549 2370 1593; x_wconf 85' lang='lat' dir='ltr'>organo</span> 
     </span>
     <span class='ocr_line' id='line_1_22' title="bbox 303 1595 2371 1661; baseline -0.002 -13"><span class='ocrx_word' id='word_1_191' title='bbox 303 1602 569 1649; x_wconf 83' lang='lat' dir='ltr'>immediato</span> <span class='ocrx_word' id='word_1_192' title='bbox 595 1601 780 1648; x_wconf 81' lang='lat' dir='ltr'>auditus</span> <span class='ocrx_word' id='word_1_193' title='bbox 795 1602 815 1646; x_wconf 70' lang='grc' dir='ltr'>ι’</span> <span class='ocrx_word' id='word_1_194' title='bbox 845 1600 1088 1661; x_wconf 82' lang='lat' dir='ltr'>particulas</span> <span class='ocrx_word' id='word_1_195' title='bbox 1112 1611 1354 1658; x_wconf 83' lang='lat' dir='ltr'>corporum</span> <span class='ocrx_word' id='word_1_196' title='bbox 1376 1611 1535 1642; x_wconf 87' lang='lat' dir='ltr'>omnes</span> <span class='ocrx_word' id='word_1_197' title='bbox 1550 1597 1600 1642; x_wconf 90' lang='lat' dir='ltr'>in</span> <span class='ocrx_word' id='word_1_198' title='bbox 1621 1613 1810 1657; x_wconf 82' lang='lat' dir='ltr'>corpore</span> <span class='ocrx_word' id='word_1_199' title='bbox 1828 1595 1997 1643; x_wconf 85' lang='lat' dir='ltr'>sonoro</span> <span class='ocrx_word' id='word_1_200' title='bbox 2012 1609 2204 1643; x_wconf 85' lang='lat' dir='ltr'>tremere</span> <span class='ocrx_word' id='word_1_201' title='bbox 2223 1596 2371 1643; x_wconf 84' lang='lat' dir='ltr'>osten-</span> 
     </span>
     <span class='ocr_line' id='line_1_23' title="bbox 304 1660 2374 1722; baseline -0.003 -9"><span class='ocrx_word' id='word_1_202' title='bbox 304 1667 384 1713; x_wconf 85' lang='lat' dir='ltr'>dit.</span> <span class='ocrx_word' id='word_1_203' title='bbox 452 1663 718 1714; x_wconf 79' lang='lat' dir='ltr'>Musculum</span> <span class='ocrx_word' id='word_1_204' title='bbox 743 1666 981 1712; x_wconf 87' lang='lat' dir='ltr'>internum</span> <span class='ocrx_word' id='word_1_205' title='bbox 1005 1664 1061 1710; x_wconf 86' lang='lat' dir='ltr'>ad</span> <span class='ocrx_word' id='word_1_206' title='bbox 1085 1661 1221 1709; x_wconf 80' lang='lat' dir='ltr'>sonos</span> <span class='ocrx_word' id='word_1_207' title='bbox 1241 1660 1409 1707; x_wconf 78' lang='lat' dir='ltr'>debiles</span> <span class='ocrx_word' id='word_1_208' title='bbox 1425 1661 1635 1722; x_wconf 82' lang='lat' dir='ltr'>tympani</span> <span class='ocrx_word' id='word_1_209' title='bbox 1651 1661 1960 1708; x_wconf 77' lang='lat' dir='ltr'>membranam</span> <span class='ocrx_word' id='word_1_210' title='bbox 1974 1662 2174 1708; x_wconf 79' lang='lat' dir='ltr'>tendere.</span> <span class='ocrx_word' id='word_1_211' title='bbox 2230 1663 2374 1709; x_wconf 82' lang='lat' dir='ltr'>Glan-</span> 
     </span>
    </p>
   </div>
   <div class='ocr_carea' id='block_1_9' title="bbox 302 1731 714 1779">
    <p class='ocr_par' dir='ltr' id='par_1_9' title="bbox 302 1731 714 1779">
     <span class='ocr_line' id='line_1_24' title="bbox 302 1731 714 1779; baseline -0.005 -1"><span class='ocrx_word' id='word_1_212' title='bbox 302 1731 420 1779; x_wconf 74' lang='lat' dir='ltr'>dulae</span> <span class='ocrx_word' id='word_1_213' title='bbox 453 1731 714 1778; x_wconf 71' lang='lat' dir='ltr'>ceruminis.</span> 
     </span>
    </p>
   </div>
   <div class='ocr_carea' id='block_1_10' title="bbox 299 1806 2375 3073">
    <p class='ocr_par' dir='ltr' id='par_1_10' title="bbox 299 1806 2375 2903">
     <span class='ocr_line' id='line_1_25' title="bbox 428 1806 2375 1875; baseline -0.002 -15"><span class='ocrx_word' id='word_1_214' title='bbox 428 1814 485 1860; x_wconf 85' lang='lat' dir='ltr'>In</span> <span class='ocrx_word' id='word_1_215' title='bbox 511 1814 644 1860; x_wconf 85' lang='lat' dir='ltr'>Tom.</span> <span class='ocrx_word' id='word_1_216' title='bbox 663 1814 746 1860; x_wconf 82' lang='grc' dir='ltr'><strong>ΙΙΙ.</strong></span> <span class='ocrx_word' id='word_1_217' title='bbox 784 1809 926 1875; x_wconf 68' lang='lat' dir='ltr'>Effitys</span> <span class='ocrx_word' id='word_1_218' title='bbox 953 1810 1002 1856; x_wconf 84' lang='lat' dir='ltr'>de</span> <span class='ocrx_word' id='word_1_219' title='bbox 1022 1806 1241 1869; x_wconf 63' lang='lat' dir='ltr'>Phjfique,</span> <span class='ocrx_word' id='word_1_220' title='bbox 1278 1808 1542 1855; x_wconf 80' lang='lat' dir='ltr'>continetur</span> <span class='ocrx_word' id='word_1_221' title='bbox 1568 1812 1828 1869; x_wconf 64' lang='lat' dir='ltr'>Asecanique</span> <span class='ocrx_word' id='word_1_222' title='bbox 1848 1808 1921 1856; x_wconf 80' lang='lat' dir='ltr'>des</span> <span class='ocrx_word' id='word_1_223' title='bbox 1944 1813 2165 1862; x_wconf 76' lang='lat' dir='ltr'>animmtx,</span> <span class='ocrx_word' id='word_1_224' title='bbox 2196 1808 2375 1870; x_wconf 81' lang='lat' dir='ltr'>integra</span> 
     </span>
     <span class='ocr_line' id='line_1_26' title="bbox 302 1872 2372 1940; baseline -0.002 -15"><span class='ocrx_word' id='word_1_225' title='bbox 302 1895 463 1940; x_wconf 84' lang='lat' dir='ltr'>nempe</span> <span class='ocrx_word' id='word_1_226' title='bbox 495 1876 801 1938; x_wconf 81' lang='lat' dir='ltr'>physiologia,</span> <span class='ocrx_word' id='word_1_227' title='bbox 840 1892 975 1937; x_wconf 80' lang='lat' dir='ltr'>quam</span> <span class='ocrx_word' id='word_1_228' title='bbox 1000 1873 1081 1920; x_wconf 75' lang='lat' dir='ltr'>fibi</span> <span class='ocrx_word' id='word_1_229' title='bbox 1104 1872 1306 1920; x_wconf 80' lang='lat' dir='ltr'>tribuiffe</span> <span class='ocrx_word' id='word_1_230' title='bbox 1331 1875 1698 1921; x_wconf 77' lang='lat' dir='ltr'>DUVERNEYUM</span> <span class='ocrx_word' id='word_1_231' title='bbox 1736 1873 1829 1931; x_wconf 88' lang='lat' dir='ltr'>(r)</span> <span class='ocrx_word' id='word_1_232' title='bbox 1868 1875 2052 1924; x_wconf 81' lang='lat' dir='ltr'>LAMYO</span> <span class='ocrx_word' id='word_1_233' title='bbox 2090 1890 2187 1920; x_wconf 87' lang='lat' dir='ltr'>non</span> <span class='ocrx_word' id='word_1_234' title='bbox 2220 1875 2372 1920; x_wconf 89' lang='lat' dir='ltr'>eredo.</span> 
     </span>
     <span class='ocr_line' id='line_1_27' title="bbox 301 1936 2372 1999; baseline -0.004 -8"><span class='ocrx_word' id='word_1_235' title='bbox 301 1944 453 1992; x_wconf 84' lang='lat' dir='ltr'>Multa</span> <span class='ocrx_word' id='word_1_236' title='bbox 470 1942 544 1990; x_wconf 82' lang='lat' dir='ltr'>hic</span> <span class='ocrx_word' id='word_1_237' title='bbox 565 1943 688 1989; x_wconf 80' lang='lat' dir='ltr'>bona</span> <span class='ocrx_word' id='word_1_238' title='bbox 707 1945 748 1990; x_wconf 71' lang='grc' dir='ltr'><strong>ἃ</strong></span> <span class='ocrx_word' id='word_1_239' title='bbox 766 1958 902 1995; x_wconf 79' lang='lat' dir='ltr'>nova,</span> <span class='ocrx_word' id='word_1_240' title='bbox 940 1941 1086 1986; x_wconf 67' lang='lat' dir='ltr'>multa</span> <span class='ocrx_word' id='word_1_241' title='bbox 1103 1936 1415 1999; x_wconf 80' lang='lat' dir='ltr'>hypothetica.</span> <span class='ocrx_word' id='word_1_242' title='bbox 1486 1939 1701 1984; x_wconf 82' lang='lat' dir='ltr'>Animam</span> <span class='ocrx_word' id='word_1_243' title='bbox 1728 1938 1778 1985; x_wconf 86' lang='lat' dir='ltr'>in</span> <span class='ocrx_word' id='word_1_244' title='bbox 1795 1938 1990 1985; x_wconf 82' lang='lat' dir='ltr'>animale</span> <span class='ocrx_word' id='word_1_245' title='bbox 2006 1951 2185 1985; x_wconf 82' lang='lat' dir='ltr'>motum</span> <span class='ocrx_word' id='word_1_246' title='bbox 2203 1939 2372 1998; x_wconf 84' lang='lat' dir='ltr'>produ-</span> 
     </span>
     <span class='ocr_line' id='line_1_28' title="bbox 303 2001 2369 2068; baseline -0.002 -13"><span class='ocrx_word' id='word_1_247' title='bbox 303 2020 504 2062; x_wconf 78' lang='lat' dir='ltr'>tentum,</span> <span class='ocrx_word' id='word_1_248' title='bbox 520 2005 731 2068; x_wconf 85' lang='lat' dir='ltr'>ipsosque</span> <span class='ocrx_word' id='word_1_249' title='bbox 741 2007 837 2068; x_wconf 86' lang='lat' dir='ltr'>ejus</span> <span class='ocrx_word' id='word_1_250' title='bbox 851 2021 1024 2052; x_wconf 83' lang='lat' dir='ltr'>errores</span> <span class='ocrx_word' id='word_1_251' title='bbox 1038 2005 1087 2050; x_wconf 87' lang='lat' dir='ltr'>in</span> <span class='ocrx_word' id='word_1_252' title='bbox 1102 2019 1207 2050; x_wconf 84' lang='lat' dir='ltr'>cura</span> <span class='ocrx_word' id='word_1_253' title='bbox 1222 2004 1424 2063; x_wconf 80' lang='lat' dir='ltr'>corporis</span> <span class='ocrx_word' id='word_1_254' title='bbox 1437 2002 1706 2055; x_wconf 78' lang='lat' dir='ltr'>commiffos,</span> <span class='ocrx_word' id='word_1_255' title='bbox 1722 2004 1764 2048; x_wconf 67' lang='grc' dir='ltr'><strong>ἃ</strong></span> <span class='ocrx_word' id='word_1_256' title='bbox 1779 2001 2135 2063; x_wconf 84' lang='lat' dir='ltr'>desperationem</span> <span class='ocrx_word' id='word_1_257' title='bbox 2148 2004 2231 2050; x_wconf 87' lang='lat' dir='ltr'>No</span> <span class='ocrx_word' id='word_1_258' title='bbox 2239 2015 2369 2050; x_wconf 76' lang='lat' dir='ltr'>STER</span> 
     </span>
     <span class='ocr_line' id='line_1_29' title="bbox 303 2065 2368 2130; baseline -0.003 -12"><span class='ocrx_word' id='word_1_259' title='bbox 303 2085 407 2119; x_wconf 81' lang='lat' dir='ltr'>ante</span> <span class='ocrx_word' id='word_1_260' title='bbox 434 2073 699 2121; x_wconf 72' lang='lat' dir='ltr'>STAHLIUM</span> <span class='ocrx_word' id='word_1_261' title='bbox 736 2071 880 2118; x_wconf 74' lang='lat' dir='ltr'>dixit:</span> <span class='ocrx_word' id='word_1_262' title='bbox 919 2085 1083 2130; x_wconf 86' lang='lat' dir='ltr'>corpus</span> <span class='ocrx_word' id='word_1_263' title='bbox 1112 2068 1247 2115; x_wconf 83' lang='lat' dir='ltr'>etiam</span> <span class='ocrx_word' id='word_1_264' title='bbox 1270 2065 1403 2113; x_wconf 78' lang='lat' dir='ltr'>suum</span> <span class='ocrx_word' id='word_1_265' title='bbox 1425 2083 1577 2127; x_wconf 87' lang='lat' dir='ltr'>regere</span> <span class='ocrx_word' id='word_1_266' title='bbox 1611 2068 1654 2113; x_wconf 85' lang='lat'>&amp;</span> <span class='ocrx_word' id='word_1_267' title='bbox 1680 2067 1840 2113; x_wconf 80' lang='lat' dir='ltr'>vitales</span> <span class='ocrx_word' id='word_1_268' title='bbox 1862 2068 2062 2113; x_wconf 67' lang='lat' dir='ltr'>astiones</span> <span class='ocrx_word' id='word_1_269' title='bbox 2089 2066 2368 2127; x_wconf 86' lang='lat' dir='ltr'>gubernare;</span> 
     </span>
     <span class='ocr_line' id='line_1_30' title="bbox 304 2128 2367 2199; baseline -0.003 -15"><span class='ocrx_word' id='word_1_270' title='bbox 304 2137 602 2199; x_wconf 81' lang='lat' dir='ltr'>cogitationes</span> <span class='ocrx_word' id='word_1_271' title='bbox 629 2134 838 2184; x_wconf 81' lang='lat' dir='ltr'>confusas</span> <span class='ocrx_word' id='word_1_272' title='bbox 865 2136 906 2182; x_wconf 87' lang='lat' dir='ltr'>ei</span> <span class='ocrx_word' id='word_1_273' title='bbox 926 2133 1008 2181; x_wconf 76' lang='lat' dir='ltr'>efi&#39;e</span> <span class='ocrx_word' id='word_1_274' title='bbox 1022 2149 1179 2180; x_wconf 85' lang='lat' dir='ltr'>eorum</span> <span class='ocrx_word' id='word_1_275' title='bbox 1197 2167 1209 2186; x_wconf 87' lang='lat'>,</span> <span class='ocrx_word' id='word_1_276' title='bbox 1245 2148 1346 2192; x_wconf 79' lang='lat' dir='ltr'>quae</span> <span class='ocrx_word' id='word_1_277' title='bbox 1374 2130 1455 2177; x_wconf 85' lang='lat' dir='ltr'>fibi</span> <span class='ocrx_word' id='word_1_278' title='bbox 1479 2133 1615 2191; x_wconf 71' lang='lat' dir='ltr'>longa</span> <span class='ocrx_word' id='word_1_279' title='bbox 1635 2129 1966 2178; x_wconf 84' lang='lat' dir='ltr'>consuetudine</span> <span class='ocrx_word' id='word_1_280' title='bbox 1985 2129 2224 2178; x_wconf 78' lang='lat' dir='ltr'>familiaria</span> <span class='ocrx_word' id='word_1_281' title='bbox 2244 2128 2367 2184; x_wconf 90' lang='lat' dir='ltr'>sunt,</span> 
     </span>
     <span class='ocr_line' id='line_1_31' title="bbox 302 2194 2373 2261; baseline -0.005 -13"><span class='ocrx_word' id='word_1_282' title='bbox 302 2217 451 2261; x_wconf 84' lang='lat' dir='ltr'>neque</span> <span class='ocrx_word' id='word_1_283' title='bbox 484 2218 581 2248; x_wconf 86' lang='lat' dir='ltr'>eam</span> <span class='ocrx_word' id='word_1_284' title='bbox 610 2201 665 2249; x_wconf 87' lang='lat' dir='ltr'>ad</span> <span class='ocrx_word' id='word_1_285' title='bbox 698 2215 850 2248; x_wconf 83' lang='lat' dir='ltr'>motus</span> <span class='ocrx_word' id='word_1_286' title='bbox 879 2200 1015 2246; x_wconf 81' lang='lat' dir='ltr'>nimis</span> <span class='ocrx_word' id='word_1_287' title='bbox 1047 2195 1288 2245; x_wconf 87' lang='lat' dir='ltr'>consuetos</span> <span class='ocrx_word' id='word_1_288' title='bbox 1316 2195 1632 2257; x_wconf 75' lang='lat' dir='ltr'>percipiendos</span> <span class='ocrx_word' id='word_1_289' title='bbox 1658 2194 1903 2242; x_wconf 79' lang='lat' dir='ltr'>adtendere</span> <span class='ocrx_word' id='word_1_290' title='bbox 1922 2230 1934 2249; x_wconf 91' lang='lat'>,</span> <span class='ocrx_word' id='word_1_291' title='bbox 1973 2195 2025 2242; x_wconf 88' lang='lat' dir='ltr'>ad</span> <span class='ocrx_word' id='word_1_292' title='bbox 2055 2212 2131 2243; x_wconf 86' lang='lat' dir='ltr'>eos</span> <span class='ocrx_word' id='word_1_293' title='bbox 2149 2211 2259 2242; x_wconf 87' lang='lat' dir='ltr'>vero</span> <span class='ocrx_word' id='word_1_294' title='bbox 2276 2211 2373 2241; x_wconf 89' lang='lat' dir='ltr'>om..</span> 
     </span>
     <span class='ocr_line' id='line_1_32' title="bbox 307 2257 2368 2328; baseline -0.002 -17"><span class='ocrx_word' id='word_1_295' title='bbox 307 2266 422 2312; x_wconf 84' lang='lat' dir='ltr'>nino</span> <span class='ocrx_word' id='word_1_296' title='bbox 441 2300 452 2319; x_wconf 82' lang='lat'>‚</span> <span class='ocrx_word' id='word_1_297' title='bbox 493 2267 573 2326; x_wconf 90' lang='lat' dir='ltr'>qui</span> <span class='ocrx_word' id='word_1_298' title='bbox 597 2282 762 2328; x_wconf 82' lang='lat' dir='ltr'>corpus</span> <span class='ocrx_word' id='word_1_299' title='bbox 791 2264 924 2312; x_wconf 85' lang='lat' dir='ltr'>suum</span> <span class='ocrx_word' id='word_1_300' title='bbox 946 2261 1123 2325; x_wconf 84' lang='lat' dir='ltr'>poffent</span> <span class='ocrx_word' id='word_1_301' title='bbox 1151 2260 1391 2308; x_wconf 83' lang='lat' dir='ltr'>destruere.</span> <span class='ocrx_word' id='word_1_302' title='bbox 1461 2260 1817 2307; x_wconf 86' lang='lat' dir='ltr'>Generationem</span> <span class='ocrx_word' id='word_1_303' title='bbox 1841 2261 2170 2321; x_wconf 78' lang='lat' dir='ltr'>interpretatur</span> <span class='ocrx_word' id='word_1_304' title='bbox 2198 2276 2278 2321; x_wconf 87' lang='lat' dir='ltr'>per</span> <span class='ocrx_word' id='word_1_305' title='bbox 2303 2257 2368 2306; x_wconf 84' lang='lat' dir='ltr'>se-</span> 
     </span>
     <span class='ocr_line' id='line_1_33' title="bbox 300 2324 2373 2391; baseline -0.002 -14"><span class='ocrx_word' id='word_1_306' title='bbox 300 2331 443 2377; x_wconf 79' lang='lat' dir='ltr'>minia</span> <span class='ocrx_word' id='word_1_307' title='bbox 456 2331 721 2377; x_wconf 83' lang='lat' dir='ltr'>animalium</span> <span class='ocrx_word' id='word_1_308' title='bbox 738 2330 946 2391; x_wconf 84' lang='lat' dir='ltr'>undique</span> <span class='ocrx_word' id='word_1_309' title='bbox 957 2325 1116 2389; x_wconf 86' lang='lat' dir='ltr'>sparsa,</span> <span class='ocrx_word' id='word_1_310' title='bbox 1133 2342 1158 2373; x_wconf 83' lang='lat' dir='ltr'>a</span> <span class='ocrx_word' id='word_1_311' title='bbox 1171 2325 1470 2387; x_wconf 83' lang='lat' dir='ltr'>homogeneis</span> <span class='ocrx_word' id='word_1_312' title='bbox 1485 2324 1717 2385; x_wconf 85' lang='lat' dir='ltr'>particulis</span> <span class='ocrx_word' id='word_1_313' title='bbox 1731 2326 1943 2372; x_wconf 84' lang='lat' dir='ltr'>animata.</span> <span class='ocrx_word' id='word_1_314' title='bbox 1992 2326 2165 2372; x_wconf 88' lang='lat' dir='ltr'>Locum</span> <span class='ocrx_word' id='word_1_315' title='bbox 2184 2325 2373 2372; x_wconf 77' lang='lat' dir='ltr'>HIPPO—</span> 
     </span>
     <span class='ocr_line' id='line_1_34' title="bbox 303 2385 2372 2450; baseline -0.004 -6"><span class='ocrx_word' id='word_1_316' title='bbox 303 2408 484 2444; x_wconf 77' lang='lat' dir='ltr'>GRATIS</span> <span class='ocrx_word' id='word_1_317' title='bbox 495 2393 584 2441; x_wconf 82' lang='lat' dir='ltr'>huc</span> <span class='ocrx_word' id='word_1_318' title='bbox 599 2394 750 2443; x_wconf 77' lang='lat' dir='ltr'>trahit.</span> <span class='ocrx_word' id='word_1_319' title='bbox 811 2392 1002 2443; x_wconf 87' lang='lat' dir='ltr'>Sensum</span> <span class='ocrx_word' id='word_1_320' title='bbox 1016 2390 1197 2439; x_wconf 67' lang='lat' dir='ltr'>iiisedtis</span> <span class='ocrx_word' id='word_1_321' title='bbox 1210 2393 1399 2438; x_wconf 87' lang='lat' dir='ltr'>unicum</span> <span class='ocrx_word' id='word_1_322' title='bbox 1419 2387 1515 2436; x_wconf 83' lang='lat' dir='ltr'>effe.</span> <span class='ocrx_word' id='word_1_323' title='bbox 1565 2385 2142 2450; x_wconf 59' lang='lat' dir='ltr'>Imaginationssmaternae</span> <span class='ocrx_word' id='word_1_324' title='bbox 2160 2385 2372 2436; x_wconf 57' lang='lat' dir='ltr'>effectum</span> 
     </span>
     <span class='ocr_line' id='line_1_35' title="bbox 301 2453 2369 2521; baseline -0.003 -15"><span class='ocrx_word' id='word_1_325' title='bbox 301 2475 382 2520; x_wconf 87' lang='lat' dir='ltr'>per</span> <span class='ocrx_word' id='word_1_326' title='bbox 403 2459 742 2506; x_wconf 85' lang='lat' dir='ltr'>nutrimentum</span> <span class='ocrx_word' id='word_1_327' title='bbox 772 2460 994 2521; x_wconf 79' lang='lat' dir='ltr'>explicat,</span> <span class='ocrx_word' id='word_1_328' title='bbox 1032 2472 1168 2518; x_wconf 85' lang='lat' dir='ltr'>quam</span> <span class='ocrx_word' id='word_1_329' title='bbox 1198 2456 1340 2517; x_wconf 84' lang='lat' dir='ltr'>magis</span> <span class='ocrx_word' id='word_1_330' title='bbox 1371 2454 1584 2501; x_wconf 85' lang='lat' dir='ltr'>minusve</span> <span class='ocrx_word' id='word_1_331' title='bbox 1612 2453 1668 2500; x_wconf 85' lang='lat' dir='ltr'>ad</span> <span class='ocrx_word' id='word_1_332' title='bbox 1700 2454 1858 2502; x_wconf 88' lang='lat' dir='ltr'>datum</span> <span class='ocrx_word' id='word_1_333' title='bbox 1897 2456 2048 2502; x_wconf 85' lang='lat' dir='ltr'>locum</span> <span class='ocrx_word' id='word_1_334' title='bbox 2085 2453 2369 2501; x_wconf 84' lang='lat' dir='ltr'>determinet.</span> 
     </span>
     <span class='ocr_line' id='line_1_36' title="bbox 301 2517 2368 2584; baseline -0.004 -12"><span class='ocrx_word' id='word_1_335' title='bbox 301 2524 359 2572; x_wconf 88' lang='lat' dir='ltr'>In</span> <span class='ocrx_word' id='word_1_336' title='bbox 385 2524 634 2584; x_wconf 87' lang='lat' dir='ltr'>embryone</span> <span class='ocrx_word' id='word_1_337' title='bbox 667 2536 812 2584; x_wconf 82' lang='lat' dir='ltr'>partes</span> <span class='ocrx_word' id='word_1_338' title='bbox 855 2539 1014 2570; x_wconf 84' lang='lat' dir='ltr'>omnes</span> <span class='ocrx_word' id='word_1_339' title='bbox 1046 2532 1314 2584; x_wconf 76' lang='lat' dir='ltr'>praeparatas</span> <span class='ocrx_word' id='word_1_340' title='bbox 1341 2517 1438 2573; x_wconf 80' lang='lat' dir='ltr'>effe,</span> <span class='ocrx_word' id='word_1_341' title='bbox 1472 2521 1513 2566; x_wconf 88' lang='lat'>&amp;</span> <span class='ocrx_word' id='word_1_342' title='bbox 1537 2519 1674 2566; x_wconf 84' lang='lat' dir='ltr'>unice</span> <span class='ocrx_word' id='word_1_343' title='bbox 1705 2519 1871 2566; x_wconf 80' lang='lat' dir='ltr'>evolvi.</span> <span class='ocrx_word' id='word_1_344' title='bbox 1939 2517 2207 2566; x_wconf 86' lang='lat' dir='ltr'>Musculum</span> <span class='ocrx_word' id='word_1_345' title='bbox 2239 2532 2368 2579; x_wconf 80' lang='lat' dir='ltr'>agere</span> 
     </span>
     <span class='ocr_line' id='line_1_37' title="bbox 300 2581 2368 2649; baseline -0.003 -14"><span class='ocrx_word' id='word_1_346' title='bbox 300 2585 461 2649; x_wconf 84' lang='lat' dir='ltr'>sponte</span> <span class='ocrx_word' id='word_1_347' title='bbox 487 2586 594 2642; x_wconf 86' lang='lat' dir='ltr'>sua,</span> <span class='ocrx_word' id='word_1_348' title='bbox 632 2589 675 2635; x_wconf 64' lang='grc' dir='ltr'>ὃς</span> <span class='ocrx_word' id='word_1_349' title='bbox 707 2589 754 2635; x_wconf 87' lang='lat' dir='ltr'>vi</span> <span class='ocrx_word' id='word_1_350' title='bbox 784 2588 1006 2641; x_wconf 87' lang='lat' dir='ltr'>naturali,</span> <span class='ocrx_word' id='word_1_351' title='bbox 1044 2585 1229 2648; x_wconf 84' lang='lat' dir='ltr'>quando</span> <span class='ocrx_word' id='word_1_352' title='bbox 1261 2583 1594 2645; x_wconf 77' lang='lat' dir='ltr'>antagonistam</span> <span class='ocrx_word' id='word_1_353' title='bbox 1611 2583 1857 2631; x_wconf 84' lang='lat' dir='ltr'>influentes</span> <span class='ocrx_word' id='word_1_354' title='bbox 1879 2581 2063 2645; x_wconf 74' lang='lat' dir='ltr'>spiritus</span> <span class='ocrx_word' id='word_1_355' title='bbox 2082 2581 2368 2630; x_wconf 74' lang='lat' dir='ltr'>laxaverunt.</span> 
     </span>
     <span class='ocr_line' id='line_1_38' title="bbox 300 2645 2365 2709; baseline -0.004 -9"><span class='ocrx_word' id='word_1_356' title='bbox 300 2654 374 2701; x_wconf 93' lang='lat' dir='ltr'>De</span> <span class='ocrx_word' id='word_1_357' title='bbox 399 2653 639 2705; x_wconf 88' lang='lat' dir='ltr'>dentibus,</span> <span class='ocrx_word' id='word_1_358' title='bbox 677 2653 873 2699; x_wconf 86' lang='lat' dir='ltr'>ubertim</span> <span class='ocrx_word' id='word_1_359' title='bbox 891 2688 903 2706; x_wconf 92' lang='lat'>,</span> <span class='ocrx_word' id='word_1_360' title='bbox 938 2670 993 2698; x_wconf 83' lang='lat' dir='ltr'>ex</span> <span class='ocrx_word' id='word_1_361' title='bbox 1019 2663 1228 2699; x_wconf 80' lang='lat' dir='ltr'>anatome</span> <span class='ocrx_word' id='word_1_362' title='bbox 1258 2660 1517 2709; x_wconf 83' lang='lat' dir='ltr'>conparata.</span> <span class='ocrx_word' id='word_1_363' title='bbox 1584 2649 1642 2695; x_wconf 89' lang='lat' dir='ltr'>In</span> <span class='ocrx_word' id='word_1_364' title='bbox 1667 2649 1802 2695; x_wconf 82' lang='lat' dir='ltr'>corde</span> <span class='ocrx_word' id='word_1_365' title='bbox 1838 2646 1975 2696; x_wconf 82' lang='lat' dir='ltr'>fibras</span> <span class='ocrx_word' id='word_1_366' title='bbox 2005 2649 2258 2694; x_wconf 81' lang='lat' dir='ltr'>relaxantes</span> <span class='ocrx_word' id='word_1_367' title='bbox 2290 2645 2365 2692; x_wconf 72' lang='lat' dir='ltr'>ad·</span> 
     </span>
     <span class='ocr_line' id='line_1_39' title="bbox 299 2711 2369 2772; baseline -0.004 -7"><span class='ocrx_word' id='word_1_368' title='bbox 299 2719 475 2772; x_wconf 83' lang='lat' dir='ltr'>mittit,</span> <span class='ocrx_word' id='word_1_369' title='bbox 505 2715 585 2764; x_wconf 86' lang='lat' dir='ltr'>etfi</span> <span class='ocrx_word' id='word_1_370' title='bbox 617 2715 832 2764; x_wconf 80' lang='lat' dir='ltr'>sensuum</span> <span class='ocrx_word' id='word_1_371' title='bbox 858 2715 1120 2763; x_wconf 86' lang='lat' dir='ltr'>testimonio</span> <span class='ocrx_word' id='word_1_372' title='bbox 1151 2730 1250 2761; x_wconf 84' lang='lat' dir='ltr'>non</span> <span class='ocrx_word' id='word_1_373' title='bbox 1280 2711 1628 2760; x_wconf 81' lang='lat' dir='ltr'>confirmentur.</span> <span class='ocrx_word' id='word_1_374' title='bbox 1697 2711 1814 2760; x_wconf 87' lang='lat' dir='ltr'>Fuse</span> <span class='ocrx_word' id='word_1_375' title='bbox 1842 2713 1898 2759; x_wconf 85' lang='lat' dir='ltr'>de</span> <span class='ocrx_word' id='word_1_376' title='bbox 1919 2712 2369 2759; x_wconf 79' lang='lat' dir='ltr'>valvulammveno-</span> 
     </span>
     <span class='ocr_line' id='line_1_40' title="bbox 299 2773 2365 2843; baseline -0.003 -14"><span class='ocrx_word' id='word_1_377' title='bbox 299 2780 449 2829; x_wconf 88' lang='lat' dir='ltr'>sarum</span> <span class='ocrx_word' id='word_1_378' title='bbox 477 2780 649 2830; x_wconf 83' lang='lat' dir='ltr'>fabrica</span> <span class='ocrx_word' id='word_1_379' title='bbox 672 2784 713 2829; x_wconf 84' lang='lat'>&amp;</span> <span class='ocrx_word' id='word_1_380' title='bbox 737 2781 901 2843; x_wconf 81' lang='lat' dir='ltr'>agendi</span> <span class='ocrx_word' id='word_1_381' title='bbox 926 2780 1078 2827; x_wconf 79' lang='lat' dir='ltr'>modo,</span> <span class='ocrx_word' id='word_1_382' title='bbox 1148 2777 1381 2826; x_wconf 84' lang='lat' dir='ltr'>Branchiae</span> <span class='ocrx_word' id='word_1_383' title='bbox 1409 2776 1617 2838; x_wconf 86' lang='lat' dir='ltr'>piscium,</span> <span class='ocrx_word' id='word_1_384' title='bbox 1653 2776 1847 2824; x_wconf 82' lang='lat' dir='ltr'>tracheae</span> <span class='ocrx_word' id='word_1_385' title='bbox 1873 2777 2046 2825; x_wconf 84' lang='lat' dir='ltr'>arteriae</span> <span class='ocrx_word' id='word_1_386' title='bbox 2065 2773 2365 2830; x_wconf 57' lang='lat' dir='ltr'>insectorum)</span> 
     </span>
     <span class='ocr_line' id='line_1_41' title="bbox 300 2839 2367 2903; baseline -0.005 -8"><span class='ocrx_word' id='word_1_387' title='bbox 300 2845 509 2895; x_wconf 76' lang='lat' dir='ltr'>vesiculae</span> <span class='ocrx_word' id='word_1_388' title='bbox 536 2855 676 2894; x_wconf 78' lang='lat' dir='ltr'>aereae</span> <span class='ocrx_word' id='word_1_389' title='bbox 698 2847 868 2894; x_wconf 75' lang='lat' dir='ltr'>avium.</span> <span class='ocrx_word' id='word_1_390' title='bbox 938 2845 1148 2891; x_wconf 77' lang='lat' dir='ltr'>Valvulae</span> <span class='ocrx_word' id='word_1_391' title='bbox 1178 2842 1488 2897; x_wconf 79' lang='lat' dir='ltr'>intestinales,</span> <span class='ocrx_word' id='word_1_392' title='bbox 1530 2843 1668 2890; x_wconf 86' lang='lat' dir='ltr'>etiam</span> <span class='ocrx_word' id='word_1_393' title='bbox 1697 2840 1895 2903; x_wconf 77' lang='lat' dir='ltr'>spitales.</span> <span class='ocrx_word' id='word_1_394' title='bbox 1974 2841 2235 2890; x_wconf 84' lang='lat' dir='ltr'>Ventriculi</span> <span class='ocrx_word' id='word_1_395' title='bbox 2268 2839 2367 2886; x_wconf 84' lang='lat' dir='ltr'>ani-</span> 
     </span>
    </p>

    <p class='ocr_par' dir='ltr' id='par_1_11' title="bbox 355 2906 2368 3073">
     <span class='ocr_line' id='line_1_42' title="bbox 894 2906 2368 2956; baseline -0.006 4"><span class='ocrx_word' id='word_1_396' title='bbox 894 2908 903 2912; x_wconf 69' lang='grc'><strong><em>”</em></strong></span> <span class='ocrx_word' id='word_1_397' title='bbox 2176 2906 2368 2956; x_wconf 67' lang='lat' dir='ltr'>melium</span> 
     </span>
     <span class='ocr_line' id='line_1_43' title="bbox 355 3015 1079 3073; baseline -0.007 -11"><span class='ocrx_word' id='word_1_398' title='bbox 355 3019 421 3073; x_wconf 76' lang='lat' dir='ltr'>(p)</span> <span class='ocrx_word' id='word_1_399' title='bbox 460 3021 508 3062; x_wconf 83' lang='lat' dir='ltr'>In</span> <span class='ocrx_word' id='word_1_400' title='bbox 537 3019 720 3070; x_wconf 86' lang='lat' dir='ltr'>operibus</span> <span class='ocrx_word' id='word_1_401' title='bbox 747 3018 926 3060; x_wconf 73' lang='lat' dir='ltr'>omnibus</span> <span class='ocrx_word' id='word_1_402' title='bbox 954 3031 978 3068; x_wconf 85' lang='lat' dir='ltr'>p</span> <span class='ocrx_word' id='word_1_403' title='bbox 1009 3015 1079 3058; x_wconf 78' lang='lat' dir='ltr'>ult.</span> 
     </span>
    </p>
   </div>
   <div class='ocr_carea' id='block_1_11' title="bbox 351 3068 1820 3182">
    <p class='ocr_par' dir='ltr' id='par_1_12' title="bbox 351 3068 1820 3182">
     <span class='ocr_line' id='line_1_44' title="bbox 352 3068 1820 3127; baseline -0.003 -12"><span class='ocrx_word' id='word_1_404' title='bbox 352 3075 416 3125; x_wconf 62' lang='lat' dir='ltr'>(q)</span> <span class='ocrx_word' id='word_1_405' title='bbox 455 3071 587 3127; x_wconf 72' lang='lat' dir='ltr'><em>Effizys</em></span> <span class='ocrx_word' id='word_1_406' title='bbox 615 3075 659 3113; x_wconf 87' lang='lat' dir='ltr'>de</span> <span class='ocrx_word' id='word_1_407' title='bbox 685 3071 787 3125; x_wconf 51' lang='lat' dir='ltr'>phys.</span> <span class='ocrx_word' id='word_1_408' title='bbox 817 3073 846 3115; x_wconf 83' lang='lat' dir='ltr'>I.</span> <span class='ocrx_word' id='word_1_409' title='bbox 878 3073 924 3112; x_wconf 88' lang='lat' dir='ltr'>ad</span> <span class='ocrx_word' id='word_1_410' title='bbox 952 3072 1005 3112; x_wconf 83' lang='lat' dir='ltr'>fin</span> <span class='ocrx_word' id='word_1_411' title='bbox 1047 3071 1193 3118; x_wconf 76' lang='lat' dir='ltr'>Journ.</span> <span class='ocrx_word' id='word_1_412' title='bbox 1225 3071 1288 3114; x_wconf 81' lang='lat' dir='ltr'>des</span> <span class='ocrx_word' id='word_1_413' title='bbox 1314 3073 1465 3116; x_wconf 73' lang='lat' dir='ltr'>Savans</span> <span class='ocrx_word' id='word_1_414' title='bbox 1495 3072 1609 3120; x_wconf 77' lang='lat'>1680.</span> <span class='ocrx_word' id='word_1_415' title='bbox 1639 3068 1820 3116; x_wconf 72' lang='lat' dir='ltr'>Decemb.</span> 
     </span>
     <span class='ocr_line' id='line_1_45' title="bbox 351 3123 1152 3182; baseline 0 -15"><span class='ocrx_word' id='word_1_416' title='bbox 351 3130 407 3182; x_wconf 80' lang='lat' dir='ltr'>(r)</span> <span class='ocrx_word' id='word_1_417' title='bbox 434 3127 480 3170; x_wconf 78' lang='lat' dir='ltr'>In</span> <span class='ocrx_word' id='word_1_418' title='bbox 507 3125 614 3180; x_wconf 72' lang='lat' dir='ltr'>praef,</span> <span class='ocrx_word' id='word_1_419' title='bbox 647 3126 735 3168; x_wconf 83' lang='lat' dir='ltr'>libri</span> <span class='ocrx_word' id='word_1_420' title='bbox 763 3129 808 3170; x_wconf 76' lang='lat' dir='ltr'>cie</span> <span class='ocrx_word' id='word_1_421' title='bbox 834 3126 945 3170; x_wconf 70' lang='lat' dir='ltr'>l&#39;ame</span> <span class='ocrx_word' id='word_1_422' title='bbox 959 3123 1152 3181; x_wconf 54' lang='lat' dir='ltr'>,s&#39;eqsz&#39;tim</span> 
     </span>
    </p>
   </div>
  </div>
 </body>
</html>
