2556 3442
594 122 640 183 ς.
670 136 785 186 733-
823 122 954 185 734'
997 120 1395 171 BAvaus.
1465 124 1792 193 rLoYER,
2137 132 2226 188 0783

294 257 492 318 Neapoli
517 255 674 308 studiis
706 254 935 308 incubuit,
971 255 1012 301 &
1039 253 1087 299 in
1115 250 1278 313 Apulia
1302 250 1484 312 juvenis
1515 255 1645 302 vixit.
1714 255 1922 318 Epistolae
1943 254 2028 304 “hio
2050 254 2229 304 accesse-

168 334 280 372 runt
305 321 629 369 encomiasticae
659 323 700 367 δε
728 318 819 366 fere
846 319 1129 366 adulatoriae.

168 442 175 445 ⁷.
298 404 362 450 Iis
385 402 651 464 praefatione
675 401 718 448 se
744 413 899 448 tuetur
923 410 1080 446 contra
1103 398 1472 459 imputationem,
1507 397 1859 450 PACCHIONUM
1894 403 1949 450 ab
1989 421 2042 451 eo
2067 402 2230 452 exscrh

170 480 300 528 ptum
327 467 438 520 effe3
485 464 835 528 physiologicam
864 474 1035 522 partem
1059 461 1333 523 hypothesin
1353 461 1592 509 contendit:
1615 460 1695 508 fibi
1711 468 1938 526 propriam
1961 467 2056 523 effe,
2093 467 2235 520 &sua

170 535 220 581 in
240 533 365 580 fibris
391 532 660 579 animalibus
686 529 1007 588 experimenta.

650 653 698 713 ἕ,
734 655 1167 705 DCCXXXIV.
1268 655 1486 713 ,Iohannes
1520 657 1719 705 FLOYER
1741 691 1754 711 ,

303 756 510 805 Medicus
542 754 745 815 Anglus,
792 752 1180 802 Lichtfieldiensis.
1260 756 1334 815 EJ.
1365 757 1392 802 l.
1422 753 1491 802 the
1506 756 1851 817 prieternatural
1870 758 1981 817 stare
2009 757 2063 817 of
2077 760 2239 807 animai

174 820 400 873 humours,
437 818 654 878 described
685 819 738 879 by
766 816 878 865 their
912 817 1087 877 senfible
1121 820 1319 880 qualities
1345 817 1479 867 which
1505 819 1667 881 depend
1694 820 1747 880 of
1765 820 1964 880 different
1995 821 2162 882 degrees
2194 825 2247 885 of

173 887 286 934 their
294 886 608 947 fermentation
643 882 839 930 London
864 888 998 938 1696.
1024 880 1101 935 8.*
1166 886 1373 930 Multum
1399 885 1564 930 tribuit
1591 884 1724 930 variae
1760 883 2009 932 humorum
2052 886 2242 946 degene-

174 950 343 997 rationi
377 946 743 1009 mucilaginosae,
779 946 932 999 acidae,
968 958 1203 1000 tartareae,
1240 947 1409 994 biliosae
1431 982 1442 1002 ,
1479 949 1742 1011 igitr-iolicae,
1779 947 1917 1004 salsae,
1955 948 2240 1004 scorbuticae,

173 1007 385 1075 putridae.
454 1009 764 1073 Digestionem
791 1011 1001 1060 ,ciborum
1023 1010 1104 1057 effe
1130 1027 1155 1056 a
1179 1007 1557 1066 fermentationes
1594 1013 1690 1074 ejus
1714 1013 1826 1060 vitia
1844 1015 1981 1063 varia.
2050 1014 2243 1064 Urinam

176 1078 356 1125 acidum
383 1076 562 1124 habere.
632 1074 850 1136 Analysin
877 1073 1015 1122 habet
1049 1076 1178 1129 bilis,
1217 1074 1396 1130 offium,

309 1160 385 1219 EJ.
423 1159 604 1219 Equitis
620 1174 745 1205 nunc
771 1159 812 1204 &
839 1156 1065 1212 archiatri,
1091 1155 1159 1204 the
1173 1156 1680 1222 phyficianspulfhwatch
1705 1161 1761 1208 T.
1780 1161 1815 1209 Ι.
1845 1161 1992 1209 Lond.
2013 1173 2149 1223 1707.
2166 1160 2245 1218 8.*

179 1225 390 1272 Tom.II.
431 1236 569 1282 1710.
590 1222 667 1277 8.*
734 1223 885 1270 Italice
912 1223 1076 1270 orivolo
1109 1222 1177 1268 del
1192 1223 1319 1284 pulso
1354 1224 1750 1284 Venez.1715.4.
1818 1228 1932 1274 Non
1967 1225 2070 1274 satis
2104 1240 2252 1276 notus

177 1289 306 1336 liber.
375 1287 467 1334 Etsi
498 1288 621 1334 enim
648 1285 949 1347 cacochymiae
977 1289 1113 1347 paulo
1139 1288 1336 1334 nimium
1363 1286 1577 1342 indulsit,
1613 1287 1692 1335 etsi
1725 1290 1861 1337 etiam
1888 1289 2045 1352 pulsus
2070 1290 2248 1352 septen-

179 1351 455 1400 trionalibus
483 1352 665 1412 populis
686 1352 823 1399 nimis
847 1367 970 1398 raros
992 1349 1125 1405 fecit,
1163 1353 1318 1412 quales
1344 1353 1424 1398 vix
1454 1369 1686 1413 unquam,
1724 1353 1810 1400 nisi
1845 1357 1896 1401 in
1928 1356 2145 1415 peculiari
2169 1357 2250 1404 ali-

181 1433 274 1478 quo
304 1417 465 1463 morbo
489 1414 703 1463 visisunt
737 1416 761 1473 (
776 1417 793 1462 l
803 1417 822 1470 )
847 1434 860 1467 ;
913 1416 1086 1475 primus
1126 1428 1281 1462 tamen
1315 1414 1405 1463 hoc
1445 1416 1496 1462 in
1526 1417 1674 1464 studio
1711 1419 1900 1479 glaciem
1924 1418 2085 1481 fregit,
2124 1422 2167 1467 ἃ
2190 1419 2248 1467 ad

179 1497 397 1528 numeros
420 1482 461 1527 &
488 1478 719 1526 mensuras
744 1477 1072 1527 nobilissimum
1096 1477 1273 1542 lignum
1299 1481 1525 1527 medicum
1549 1483 1795 1530 revocavit.
1864 1484 2066 1530 Primum
2086 1485 2251 1533 GALE-

182 1559 335 1594 Nlcos
365 1543 546 1605 pulsus,
598 1542 905 1605 pulsuumque
931 1546 1267 1608 tangendorum
1292 1557 1515 1606 praecepta
1551 1544 1752 1593 recenset
1785 1549 1826 1594 ἃ,
1854 1549 2038 1610 corrigit
2060 1583 2073 1603 ,
2120 1549 2252 1609 jubet

184 1612 320 1657 etiam
347 1610 403 1656 ad
429 1608 721 1669 horologium
747 1625 999 1656 numerare.
1066 1607 1397 1670 Respirationis
1439 1627 1543 1657 cum
1586 1609 1718 1672 pulsu
1757 1624 2023 1660 concentus.
2090 1614 2156 1661 Ut
2195 1614 2252 1660 ab

184 1672 359 1722 excessu
387 1676 429 1720 &
461 1671 640 1720 defeciu
672 1671 886 1734 pulsuum
920 1673 1227 1721 indicationes
1265 1674 1451 1721 medicae
1484 1674 1539 1721 ad
1571 1675 1789 1722 tuendam
1822 1677 1965 1723 vitam
1998 1673 2251 1726 sumantur.

187 1736 486 1786 Chinenfium
531 1737 717 1784 demum
749 1749 870 1784 ‘artes
912 1738 961 1785 in
996 1739 1228 1799 tangendo
1258 1737 1392 1799 pulsu
1428 1741 1470 1786 &
1498 1739 1843 1788 CLEYERIANAE
1879 1741 2016 1789 clavis
2041 1757 2256 1803 compen-

186 1803 329 1850 dium.
398 1803 552 1850 Nimis
590 1818 748 1862 parcos
784 1801 935 1863 &ipsi
976 1801 1131 1864 pulsus
1168 1801 1367 1857 faciunt,
1417 1804 1473 1850 ad
1513 1810 1589 1863 46.
1620 1804 1670 1850 in
1710 1805 1891 1851 minuto
1923 1805 2086 1866 primo.
2153 1804 2254 1867 Ipse

187 1884 211 1914 a
238 1879 314 1926 70.
345 1867 401 1913 ad
421 1879 499 1925 75.
531 1865 796 1920 aestimavit,
828 1866 947 1927 Justo
985 1868 1178 1928 parcius.
1247 1868 1576 1928 Experimento
1609 1868 1830 1922 ostendit,
1868 1870 2005 1916 etiam
2043 1868 2077 1918 fi
2105 1869 2158 1918 in
2185 1886 2257 1919 ar-

186 1932 311 1979 teriis
342 1930 522 1992 sanguis
558 1931 729 1977 alterne
753 1928 903 1985 saliat,
939 1931 990 1978 in
1018 1932 1147 1978 venis
1168 1943 1321 1978 tamen
1350 1934 1540 1993 perenni
1565 1932 1740 1980 fluento
1774 1949 1972 1981 manare.

319 2013 375 2059 In
407 2013 578 2061 Volsfl.
616 2011 830 2073 pulsuum
859 2030 938 2074 per
973 2014 1155 2060 morbos
1195 2014 1438 2061 varietates
1477 2015 1693 2076 exponit,
1733 2017 1775 2062 Sc
1812 2031 1916 2062 cum
1958 2013 2259 2063 Chinensium

155 2107 157 2109 -
190 2076 397 2139 doctrina
432 2077 661 2124 conciliat.
731 2079 851 2124 Bene
877 2077 931 2124 de
958 2075 1281 2140 respiratione,
1319 2079 1415 2140 ejus
1436 2096 1539 2126 cum
1560 2077 1692 2139 pulsu
1720 2092 1964 2134 concentu,
1992 2082 2033 2128 «Sc
2061 2081 2110 2128 in
2136 2097 2259 2127 mor-

190 2140 264 2188 bis
286 2142 554 2189 mutatione.
623 2141 777 2189 Habet
808 2142 901 2204 jam
923 2141 1078 2204 pulsus
1105 2141 1367 2204 hepaticos‚
1413 2145 1619 2198 renales,
1673 2146 1715 2191 ὃς
1749 2144 1875 2198 aliis,
1923 2155 1979 2191 ut
2009 2155 2144 2192 voc-at
2175 2145 2260 2193 cir-

193 2206 394 2253 cuitibus
418 2205 641 2266 proprios.

323 2288 380 2334 ln
399 2288 426 2334 l.
446 2286 506 2333 ‘de
528 2285 727 2349 asthmate
757 2287 905 2336 Lond.
924 2293 1062 2345 1698,
1090 2286 1170 2343 8.*
1204 2301 1334 2351 putat
1353 2289 1400 2337 id
1422 2288 1501 2337 effe
1529 2307 1554 2337 a
1579 2289 1783 2338 veficulis
1800 2291 1962 2353 ruptis,
1993 2293 2036 2340 &
2056 2297 2156 2340 ae’re
2176 2289 2260 2339 sub

193 2352 410 2399 extimam
438 2353 747 2399 membranam
773 2349 933 2400 effuso.
1000 2354 1056 2400 In
1087 2370 1140 2399 eo
1165 2356 1331 2401 morbo
1354 2353 1726 2417 perspirationem
1752 2354 2059 2404 insensibilem
2084 2372 2265 2417 perpar-

193 2432 299 2463 vam
330 2414 469 2470 facit,
508 2418 551 2463 ἃ
584 2417 734 2464 minui
766 2428 898 2479 putat
919 2428 1026 2464 ante
1049 2416 1287 2466 insultum.
1373 2418 1574 2467 Theoria
1605 2418 1969 2468 fermentationis
2008 2420 2259 2474 adseritur,

197 2481 328 2542 cujus
357 2481 594 2528 diminutae
622 2483 753 2542 culpa
786 2481 947 2543 chylus
976 2480 1175 2529 viscidus
1202 2481 1373 2530 asthma
1403 2482 1549 2530 faciat.

323 2562 380 2608 In
401 2565 647 2610 Gerocomio
673 2565 823 2625 aliqua
847 2564 901 2610 de
918 2563 1051 2626 pulsu
1075 2563 1224 2612 habet.
1280 2566 1336 2612 In
1350 2563 1463 2612 Phil.
1487 2566 1639 2627 Trans?
1656 2582 1700 2613 n.
1722 2576 1829 2626 259.
1844 2565 2058 2615 'describit
2069 2566 2263 2614 rostrum

197 2627 386 2689 porcelli
413 2624 635 2686 preliione
660 2627 710 2673 in
742 2630 941 2689 aliquam
969 2627 1163 2690 speciem
1202 2628 1418 2677 humanae
1455 2628 1586 2677 faciei
1623 2629 1854 2686 retusum,
1898 2635 1939 2680 &
1966 2629 2263 2679 coalescentes

198 2692 348 2752 pullos
376 2691 482 2752 galli
507 2691 756 2738 calecutici.

302 2788 305 2789 ⁷
331 2770 431 2827 Joh.
459 2773 743 2821 COLBATCH
770 2772 942 2835 Phjfico
970 2774 1156 2822 medical
1182 2774 1303 2838 Effizy
1327 2781 1582 2840 concerning
1605 2778 1733 2827 czlcali
1758 2778 1848 2826 and
1870 2776 1969 2824 aeid
2001 2775 2097 2833 &a
2148 2777 2268 2824 Lon·-

203 2835 297 2882 don
319 2842 453 2891 1696.
473 2843 516 2892 8.
563 2850 693 2896 1704.
726 2838 804 2892 8.*
871 2837 1227 2900 Pharmacopola
1250 2843 1292 2887 &
1317 2842 1511 2904 Collegii
1540 2843 1674 2904 Regii
1702 2841 2016 2895 Londincnfis,
2051 2854 2105 2888 ut
2126 2856 2265 2901 puto5

201 2900 500 2948 Licentiatus.
571 2902 627 2948 In
655 2901 875 2963 sanguine
900 2903 1056 2950 nostro
1086 2905 1322 2951 alcalinam
1347 2920 1545 2956 mortem
1570 2906 1802 2961 habitare,
1839 2923 1937 2956 eam
1965 2906 2104 2955 acidis
2129 2905 2272 2953 medi-

204 2964 423 3012 camentis
457 2963 672 3026 superari.
739 2967 929 3015 Praciici
953 2970 1097 3031 magis
1119 2971 1392 3033 argumenti.

259 3058 332 3112 (l)
361 3071 446 3113 pag
469 3071 528 3112 30·
2152 3007 2272 3054 Some
