2556 3442
302 142 398 198 ’746
758 137 892 185 LIB.
942 135 1066 187 Vll.
1134 133 1512 185 ANATOME
1557 92 1908 184 HUMANA.

800 264 847 323 ὃ.
882 242 1198 315 ΒΟΧΟῘΧ.
1295 262 1515 320 Johannes
1541 264 1858 312 BERNOULLI.

433 368 646 415 Duorum
674 361 864 418 fratrum
895 364 1077 426 junior,
1112 362 1317 411 summus
1343 361 1705 415 mathematicus,
1739 362 1851 407 alter
1873 360 2104 423 integralis
2122 361 2364 410 6316311111-

307 447 475 482 ventor
493 466 506 484 ,
534 429 685 476 noster
708 430 839 476 3111113
865 436 998 487 1728.
1030 432 1071 475 &
1109 439 1239 486 1729.
1274 437 1549 487 praeceptor,
1591 426 1820 479 medicus,
1857 437 1912 472 ut
1939 437 2093 472 tamen
2116 427 2166 472 in
2191 424 2364 474 11131116-

310 498 508 546 matibus
530 492 618 541 fibi
640 510 753 554 pene
779 493 914 540 unice
949 495 1155 553 placeret.
1226 492 1343 538 Cum
1384 491 1636 550 Groningae
1666 490 1872 543 doceret,
1924 488 2064 536 edidit
2095 488 2364 550 disputatio-

310 579 416 610 nem
448 560 500 607 (Ie
526 562 763 606 nutritione
788 564 921 613 1699.
954 568 999 614 4.
1039 557 1091 602 111
1123 559 1271 617 Tempe
1294 555 1524 602 Helvetia}
1562 552 1776 600 recusam.
1845 554 1898 600 In
1934 570 1982 600 ea
2008 555 2203 601 calculos
2232 554 2367 614 ponit

311 624 644 674 consumtionis
676 622 876 682 corporis
903 620 1118 671 humani,
1158 635 1257 678 quae
1281 618 1341 672 fit
1366 634 1443 678 per
1467 616 1722 663 insensilem
1748 616 2119 678 perspirationern
2137 652 2148 672 ‚
2186 620 2228 664 &
2251 629 2366 664 tem-

307 707 395 753 pus
414 687 590 741 definit,
610 703 702 745 quo
720 686 956 745 inquilinae
970 683 1199 742 particulae
1215 682 1311 741 ejus
1330 681 1530 741 corporis
1555 679 1829 728 evanescunt
1845 683 2067 742 novisque
2081 694 2363 742 reparantur.

314 754 498 803 Solidas
517 751 758 813 particulas
791 751 832 795 &
865 746 977 808 ipsas
1005 745 1202 805 reparari
1231 745 1377 790 docet.
1446 744 1728 789 Alimentum
1760 745 1816 790 ad
1843 745 1967 791 basin
1993 745 2209 792 fibrarum
2229 745 2368 806 adpo-

311 820 390 874 ni,
421 819 487 865 ita
517 832 589 862 eas
616 813 806 875 propelli
837 814 878 858 &
908 807 1190 871 protruiione
1214 809 1394 854 nutriri.
1454 808 1524 853 De
1555 809 1728 853 arteriae
1755 824 1859 854 cum
1886 826 2001 856 vena
2023 809 2366 870 conjunctione.

442 899 499 945 In
523 896 618 942 AR.
643 892 777 940 Erud.
806 890 915 953 Lips]
937 896 1069 949 1694.
1099 889 1322 936 theoriam
1349 886 1472 935 suam
1505 900 1659 934 motus
1684 886 1947 937 muscularis
1973 891 2276 938 adumbravit.

443 980 577 1026 IDEM
607 990 728 1020 311110
754 979 888 1030 1697.
919 983 964 1030 4.
1003 969 1181 1020 Bafileae
1223 970 1273 1016 de
1308 970 1595 1030 musculorum
1625 981 1742 1016 motu
1789 968 2063 1030 disputavit,
2107 989 2244 1032 quam
2284 970 2370 1019 dii-'-

313 1044 602 1093 fertationem
627 1041 672 1086 P.
704 1040 754 1086 A.
780 1039 1131 1084 MICHELOTTl
1163 1051 1266 1081 cum
1297 1033 1377 1080 suo
1398 1035 1450 1080 de
1457 1034 1729 1095 separatione
1747 1034 2011 1095 liquidorum
2040 1051 2174 1095 opere
2206 1036 2372 1084 Venet.
2413 1072 2417 1073 γ

319 1120 454 1168 1722.
483 1102 564 1165 4*
596 1102 751 1150 recudi
774 1100 895 1147 fecit.
965 1101 1164 1160 Neapoli
1198 1100 1334 1146 etiam
1362 1111 1495 1157 1734.
1520 1111 1564 1157 4.
1603 1100 1645 1144 &
1669 1099 1810 1158 Haag.
1843 1104 1976 1157 1743.
1999 1111 2044 1158 4.
2082 1097 2374 1146 recuderunt.

316 1171 578 1223 Mensuram
612 1169 690 1213 dat
712 1164 1035 1212 contrmffionis
1062 1163 1212 1216 fibrae,
1254 1181 1355 1223 quae
1380 1164 1578 1208 maxima
1602 1161 1680 1215 111,
1719 1166 1759 1209 Sc
1786 1161 2042 1209 mensuram
2075 1164 2342 1209 elevationis
2359 1196 2373 1216 ,

313 1254 416 1299 quae
435 1234 487 1282 fit
501 1250 523 1279 a
546 1231 749 1278 veliculis
762 1229 926 1276 fibram
940 1227 1324 1274 constituentibus
1339 1227 1521 1274 inflatis.
1592 1225 1869 1273 Vesiculares
1893 1225 2030 1274 fibras
2046 1225 2239 1274 musculi
2252 1225 2375 1273 facit.

316 1298 507 1349 Causam
540 1295 787 1343 inflationis
824 1294 991 1340 tribuit
1023 1292 1221 1354 globulis
1253 1309 1277 1339 a
1313 1291 1547 1353 spiritibus
1588 1289 1858 1352 perforatis,
1893 1304 1948 1338 ut
1976 1293 2101 1338 intus
2130 1303 2376 1339 contentus

311 1373 389 1413 aer
415 1373 633 1422 erumpat.

443 1443 713 1505 Apologiam
734 1441 843 1489 alias
875 1440 1021 1488 dicam
1037 1473 1049 1493 ,
1079 1455 1213 1500 quam
1242 1455 1323 1500 pro
1348 1437 1432 1485 hac
1458 1436 1764 1499 disputatione
1783 1438 2168 1485 MICHELOTTUS
2188 1434 2376 1498 scripsit.

445 1527 558 1574 Non
584 1523 728 1585 potest
751 1523 808 1569 ab
829 1539 879 1568 ea
904 1524 1038 1582 longe
1056 1519 1251 1581 separari
1271 1519 1396 1580 Disp.
1417 1520 1467 1567 de
1493 1520 1802 1580 effervefientia
1827 1517 1885 1575 δέ
1899 1519 2246 1580 fermentatione,
2278 1535 2379 1580 quae

317 1589 508 1639 Bafilaeae
540 1595 674 1646 1690.
696 1599 739 1647 4.
765 1585 941 1640 excusa,
972 1586 1171 1645 Neapoli
1196 1597 1331 1645 1734.
1349 1597 1393 1644 4.
1427 1586 1622 1645 prodiit,
1659 1587 1700 1630 δι
1723 1601 1824 1630 cum
1849 1586 2208 1633 MicnewT‘ro
2236 1585 2380 1644 Haag.

323 1667 457 1714 1743.
481 1666 526 1713 4.
579 1654 669 1701 Hic
703 1653 824 1699 enim
855 1650 1032 1698 theoria
1058 1650 1349 1708 continetur,
1400 1666 1488 1709 qua
1514 1650 1638 1709 prior
1663 1648 1841 1694 libellus
1869 1648 2062 1701 nititur,
2095 1644 2384 1695 effervescen-

317 1722 428 1769 tiam
450 1734 612 1780 nempe
637 1715 738 1766 fieri
760 1715 816 1764 ab
844 1715 999 1769 acido,
1030 1714 1154 1774 quod
1177 1726 1394 1775 perrupto
1417 1714 1546 1760 316311
1574 1720 1720 1760 aerem
1748 1713 1984 1760 internum
2016 1712 2193 1761 liberet.

907 1840 952 1899 §.
987 1843 1151 1890 DCC.
1222 1846 1398 1889 Diaria.
1442 1841 1593 1901 Trans.
1633 1839 1790 1902 Philofi

453 1965 515 2013 N.
541 1974 644 2021 193.
682 1959 925 2009 Richardus
952 1959 1196 2006 WALLER
1226 1954 1553 2004 formationem
1578 1956 1866 2005 succeffivam
1891 1958 2156 2021 gerinorum
2186 1952 2388 2019 persecu-

325 2043 400 2079 tus
430 2029 505 2076 est.
2323 2045 2336 2053 κ

455 2112 514 2158 Ν.
543 2115 645 2165 196.
679 2106 881 2169 ejusdem
907 2106 1058 2166 aliqua
1085 2102 1141 2150 ad
1175 2116 1420 2150 anatomen
1446 2104 1588 2151 muris
1609 2105 1792 2166 majoris
1812 2103 2008 2151 vesicula
2030 2101 2159 2150 fellea
2173 2100 2389 2148 destituti.

328 2175 568 2284 Glandsulae
600 2173 656 2220 ad
677 2189 839 2234 penem
868 2169 1143 2222 adsidentes,
1184 2165 1388 2214 veficulae
1419 2166 1685 2216 seminales:
1734 2168 1914 2216 vascula
1952 2166 2273 2229 epididymidis
2300 2165 2393 2212 evi-

326 2240 457 2287 denti
493 2254 598 2284 ima.

456 2321 519 2369 N.
540 2331 645 2367 211.
691 2318 857 2378 Aliqua
883 2315 940 2362 ad
976 2312 1149 2377 psittaci
1190 2324 1448 2361 anatomen.
1518 2312 1703 2375 Larynx
1737 2326 1944 2376 uterque.
2020 2311 2238 2361 Rostrum
2264 2308 2395 2372 supe-

331 2387 429 2436 rius
456 2401 560 2433 cum
580 2383 733 2430 cranio
758 2381 1130 2432 dearticulatum3
1173 2378 1340 2439 duplex
1366 2391 1524 2439 praeter
1554 2377 1793 2426 carnosum
1813 2378 2122 2433 ventriculum
2148 2377 2393 2437 ingluvies.

388 2508 400 2516 ,
460 2466 526 2515 N.
553 2475 657 2522 312.
695 2463 748 2509 dc
773 2461 920 2509 surdis
937 2496 948 2516 ‚
980 2462 1060 2522 qui
1089 2478 1143 2508 ex
1167 2473 1298 2508 motu
1324 2460 1549 2507 labiorum
1573 2459 1697 2508 sensa
1727 2461 2090 2522 colloquentium
2120 2458 2394 2519 percipiunt.

463 2546 528 2597 N.
545 2558 649 2604 350.
688 2545 937 2592 accuratior
957 2556 1166 2591 anatome
1182 2544 1341 2604 capitis
1356 2544 1461 2604 pici3
1490 2559 1627 2604 quam
1642 2543 1762 2606 apud
1776 2545 2014 2591 MERYUM
2038 2543 2078 2589 &
2091 2542 2393 2590 BORELLUM.

466 2630 531 2678 N.
561 2634 666 2684 196.
694 2633 797 2683 198.
841 2626 1058 2673 Edmundi
1096 2627 1332 2679 HALLEY,
1380 2626 1565 2673 celebris
1600 2624 1770 2687 physici
1812 2627 1853 2672 ἂ
1888 2623 2172 2676 Astronomi,
2219 2619 2397 2667 Tabula

335 2695 557 2746 mortium
596 2694 640 2739 &
682 2702 894 2752 partuum
934 2689 1382 2742 Vratislavienfium.
1448 2690 1538 2746 Hic
1574 2692 1773 2750 primum
1802 2701 1971 2748 34000.
2002 2687 2243 2734 hominum
2287 2683 2400 2729 anni

336 2759 611 2809 emortuales
636 2772 691 2802 ex
711 2752 833 2801 Fastis
849 2752 1047 2801 funereis
1073 2756 1295 2814 excerpti,
1331 2753 1624 2814 probabilitas
1652 2753 1818 2801 futurae
1847 2757 1956 2801 vita:
1985 2747 2179 2811 express'a
2198 2782 2211 2801 ‚
2250 2763 2399 2794 annus

341 2823 576 2876 definitus,
611 2837 704 2882 quo
735 2820 927 2880 quisque
964 2819 1168 2865 mortalis
1206 2818 1259 2864 de
1295 2819 1390 2865 vita
1420 2818 1611 2866 decedit.
1681 2821 1800 2876 Qae
1827 2818 1984 2864 omnia
2018 2830 2096 2875 per
2133 2813 2398 2873 nuperiores

338 2890 518 2938 labores
545 2885 601 2934 ad
626 2882 735 2933 usus
762 2882 987 2930 humanos
1013 2883 1220 2942 politicos
1247 2885 1288 2929 &
1314 2884 1622 2930 oeconomicos
1653 2881 1760 2929 sunt
1785 2879 1992 2942 perfecta.

471 2970 526 3016 ln
551 2965 655 3031 Epi),
684 2970 798 3014 Nat.
834 2967 934 3012 Cur.
956 2967 1060 3010 Dee.
1084 2963 1141 3008 Η.
1176 2980 1275 3009 ann.
1294 2966 1356 3011 X.
1383 2963 1417 3012 s.
1447 2971 1582 3022 1691.
1620 2967 1850 3013 Martinus
1877 2958 2094 3017 JOLWWH
2123 2960 2396 3008 HAl-:sBART

341 3033 423 3095 obs.
440 3045 517 3096 ῖς.
547 3047 688 3080 31111111
718 3033 760 3079 &
786 3041 999 3077 naturam
1027 3024 1221 3075 clausam
1244 3026 1454 3076 recenset·
2226 3061 2274 3113 J,
2297 3060 2401 3103 Con-
