2556 3442
299 140 360 183 62
957 127 1241 174 ιΙΒ.Ι.
1344 121 1685 172 GRAECI.

304 279 369 315 Lo
395 267 437 312 &
462 264 689 313 EUDEMO
718 265 818 311 lites
843 261 1017 311 fuerint
1040 264 1160 309 inter
1189 260 1471 307 anatomicos
1501 258 1609 321 (p).
1699 257 1771 304 De
1802 259 1955 306 nervis
1988 260 2031 305 &
2063 261 2244 308 cerebro
2265 264 2354 308 uti-

303 331 407 377 liter
429 326 600 393 scripxfit
632 329 732 389 (q).
814 326 1069 379 Pmceffus,
1106 325 1186 386 qui
1215 340 1340 370 nunc
1373 322 1519 370 solent
1545 321 1814 384 styliformes
1846 324 2031 375 vocari,
2068 340 2173 369 cum
2216 325 2353 385 gallo-

303 401 411 439 'rum
443 392 686 439 calcaribus
714 392 991 452 comparavit
1030 392 1132 450 (r).
1201 388 1330 444 Quid
1349 385 1677 434 efflorescentia
1709 385 1793 440 fit,
1829 402 1965 446 quam
2001 387 2248 435 EUDEMUS
2279 404 2354 435 ve-

305 473 412 503 nam
441 456 583 510 dixit,
618 472 717 502 non
740 456 930 502 dixerim
957 453 1053 515 (s).

434 555 679 602 EuDEMUs
725 555 766 599 &
806 553 983 598 LYCON
1019 549 1235 610 platonici
1277 549 1419 593 multa
1459 548 1512 594 de
1536 548 1670 609 genio
1701 549 1996 602 animalium,
2030 551 2073 596 ὃς
2114 549 2238 595 νὶἑὶιι
2262 582 2274 601 ,
2321 549 2362 594 8<

307 617 362 665 de
394 634 552 665 eorum
579 617 780 678 partibus
809 616 1109 674 reliquerant,
1146 613 1375 672 APULEJO
1411 611 1519 658 teste
1555 615 1642 670 (t).
2386 617 2399 619 ”

653 757 690 807 §.
726 749 977 798 XXXII.
1067 746 1213 795 Schola
1240 749 1535 794 HEROPHILI
1570 745 1628 803 ἓξ
1652 749 2010 795 ERASISTRATI.

434 852 493 898 Et
514 851 863 897 ERASISTRATI
889 844 1040 891 schola
1073 847 1114 891 ἃ
1141 846 1433 891 HEROPHILl
1472 843 1549 901 (u)
1583 845 1638 890 ab
1663 862 1820 892 eorum
1848 847 2049 892 virorum
2084 844 2363 897 exceffuflo-

305 916 412 962 ruit.
480 915 642 972 Neque
678 912 901 963 continuo
942 911 1196 954 Anatomen
1231 907 1538 954 deseruerunt.
1621 911 1867 955 sectatores
1906 910 2024 954 enim
2064 910 2358 955 Hssssopmm

308 977 593 1024 chorioideos
631 975 712 1034 (x)
745 971 966 1034 proceffus
992 973 1125 1032 primi
1151 973 1377 1018 dixerunt.
1464 975 1666 1031 Utraque
1696 986 1847 1018 tamen
1875 971 2034 1018 sensim
2072 971 2222 1018 schola
2254 988 2360 1017 ana-

308 1054 465 1086 tomen
491 1040 795 1100 negligentius
827 1037 1023 1083 tradtaffe
1049 1037 1244 1082 videtur.
1312 1037 1434 1082 Nam
1466 1037 1793 1082 HEROPHILEI
1824 1036 2007 1095 quidem
2043 1037 2092 1082 in
2125 1037 2363 1096 empiricos

307 1103 400 1150 fere
426 1104 840 1164 degeneraverunt,
887 1101 967 1160 qui
1000 1112 1244 1145 anatomen
1273 1097 1531 1145 universam
1573 1098 1801 1145 habebant
1829 1117 1908 1158 pro
1941 1101 2097 1146 inutili
2125 1105 2141 1154 (
2148 1100 2204 1159 y)
2229 1134 2241 1152 ,
2284 1111 2365 1145 aut

308 1180 428 1214 certe
471 1184 495 1213 a
540 1165 634 1212 solo
671 1164 773 1212 casu
817 1165 1014 1224 aliquam
1047 1165 1097 1209 in
1143 1179 1193 1209 ea
1237 1176 1330 1209 arte
1377 1164 1524 1209 lucem
1570 1161 1888 1222 exspectabant
1911 1182 1923 1214 3
1974 1175 2158 1222 totaque
2207 1177 2363 1209 anato-

309 1234 425 1277 mica
447 1247 517 1276 ars
548 1232 750 1291 languit,
790 1227 883 1274 fere
913 1228 968 1273 ad
1000 1225 1201 1275 MAR1N1
1232 1240 1433 1286 tempora
1453 1262 1464 1279 ‚
1512 1228 1590 1285 qui
1617 1228 1753 1286 paulo
1787 1237 1888 1271 ante
1924 1227 2186 1273 GALENUM
2227 1227 2359 1272 vixit.

308 1295 426 1342 Eum
460 1295 581 1341 enirn
612 1295 764 1340 virum
790 1293 1034 1339 GALENUS
1064 1304 1196 1337 vocat
1224 1302 1455 1337 anatomes
1490 1291 1568 1336 diu
1598 1288 1852 1336 intermiffae
1876 1289 2233 1336 restauratorem.

440 1392 685 1438 Anatomcs
710 1390 907 1436 studium
926 1388 1209 1435 Alexandriae
1235 1387 1491 1434 constanter
1515 1389 1746 1434 excultum
1773 1385 1899 1433 fuiffe
1927 1386 2124 1440 videtur,
2157 1399 2209 1433 ut
2233 1388 2368 1434 etiam

313 1456 514 1503 GALENI
545 1467 748 1515 tempore
772 1471 824 1500 eo
856 1454 1020 1499 medici
1040 1453 1323 1499 confluerent
1342 1486 1353 1505 ,
1391 1455 1469 1512 qui
1492 1454 1691 1511 corporis
1716 1451 1907 1497 humani
1939 1451 2192 1512 cognitioni
2221 1451 2368 1498 stude-

310 1520 451 1573 bant,
508 1518 671 1579 &ipse
712 1519 846 1565 ctiam
874 1519 1128 1564 GALENUS.
1214 1517 1379 1576 Neque
1420 1515 1632 1577 potuifl'et
1667 1514 1912 1576 Chirurgia
1958 1515 2243 1562 Alexandriae
2287 1516 2367 1563 flo-

308 1599 405 1630 rere
430 1617 443 1637 ‚
489 1581 573 1629 nisi
598 1585 820 1630 Anatome
849 1582 1131 1642 praeluxiflet.

443 1681 647 1727 Multum
681 1691 799 1726 certe
840 1695 920 1739 pro
960 1680 1205 1725 Anatomes
1241 1677 1532 1723 incrementis
1572 1675 1878 1736 praestitcrunt
1902 1693 2027 1737 reges
2057 1677 2366 1732 PTOLEMAEI,

314 1746 358 1792 &
382 1744 431 1790 in
458 1745 784 1791 CLEOPATRAE
820 1741 960 1802 usque
992 1756 1196 1802 tempora
1231 1742 1508 1787 dissimffiones
1531 1740 1811 1787 Alexandriae
1836 1739 2133 1800 frequentatae
2159 1739 2359 1789 fuerunt.

312 1808 560 1854 Gravidam
587 1805 802 1853 seminam
830 1805 1032 1858 incisam,
1070 1805 1210 1852 fetum
1237 1803 1484 1866 perfecium
1509 1806 1558 1851 in
1591 1806 1687 1865 ejus
1710 1818 1841 1850 utero
1872 1819 2117 1865 repertum,
2151 1817 2371 1867 regnante

311 1872 624 1919 CLEOPATRA
649 1870 883 1918 talmudici
909 1871 984 1930 (z)
1012 1869 1262 1930 scriptores.

443 1969 798 2016 ERASISTRATI
830 1965 981 2014 schola
1014 1967 1088 2022 (a)
1125 1967 1298 2013 diutius
1326 1964 1572 2028 superfuit,
1610 1967 1900 2025 multumque
1923 1966 1972 2012 in
2002 1982 2051 2012 ea
2072 1967 2368 2014 convellenda

311 2032 477 2081 laboris
504 2031 595 2094 ipse
623 2031 778 2093 posuit
814 2034 1070 2079 GALENUS.
1159 2032 1586 2079 ERA81STRATEOS
1624 2046 1791 2076 nomen
1819 2028 2135 2089 imposuerunt
2160 2031 2366 2085 carotidi,

313 2097 438 2158 quod
466 2098 506 2143 ei
537 2098 683 2158 ligatae
707 2095 841 2157 sopor
863 2094 1186 2156 superveniret.
1268 2097 1335 2141 Ex
1364 2111 1412 2140 ea
1447 2097 1582 2140 etiam
1603 2093 1752 2140 schola
1770 2095 2097 2146 ΧΕΝΟΡΗΟΝ,
2135 2111 2189 2139 ex
2213 2095 2367 2154 primis

314 2162 664 2208 ERASISTRATI
705 2160 960 2222 discipulis,
1010 2158 1119 2212 fuit,
1164 2160 1243 2220 qui
1281 2160 1333 2204 de
1363 2159 1714 2220 appellationibus
1735 2163 1936 2219 partium
1969 2163 2157 2218 corporis
2192 2156 2367 2206 humani

316 2222 488 2285 scripsit
521 2225 628 2279 (b)3
681 2227 722 2271 ὃς
759 2227 869 2272 alter
893 2226 1222 2271 APOLLONIUS
1249 2223 1617 2283 Memphitanus,
1668 2238 1802 2281 quem
1833 2224 1990 2267 anaor
2014 2222 2116 2267 libri
2151 2223 2369 2273 GALENO

315 2287 524 2349 adscripti
549 2290 681 2342 citat,
712 2290 792 2349 qui
817 2290 866 2335 in
894 2287 1049 2335 similis
1078 2286 1168 2333 fere
1199 2288 1324 2334 tituli
1353 2304 1486 2347 opere
1514 2285 1786 2332 feminarum
1812 2286 1969 2332 dentes
1999 2285 2165 2332 dixerit
2185 2284 2266 2332 effe
2289 2288 2369 2334 tri-

315 2353 442 2414 ginta
479 2351 577 2412 (ε).
644 2354 718 2399 An
743 2354 880 2401 IDEM
917 2353 997 2413 qui
1032 2354 1364 2401 APOLLONIUS
1393 2352 1697 2402 STRATONIS
1731 2350 1759 2396 f.
1798 2351 2218 2397 ERAfflSTRATEus
2242 2385 2253 2402 ‚
2291 2352 2371 2411 qui

367 2478 433 2529 (p)
461 2478 521 2519 De
530 2476 679 2530 fi’mine
706 2479 744 2519 L.
761 2479 807 2522 IL
840 2493 869 2520 c.
898 2485 933 2520 6.
2193 2414 2372 2475 pnlsum

368 2532 432 2583 (q)
461 2531 624 2574 GALEN,
655 2533 712 2570 loc
749 2532 881 2581 adsedi.
914 2532 943 2571 L
978 2530 1044 2573 III.

372 2584 429 2632 (r)
463 2583 601 2624 Rupes
631 2587 757 2633 appell.
788 2585 814 2628 1.
849 2599 890 2635 μ
918 2597 978 2635 30,

369 2637 428 2686 (s)
456 2636 597 2675 Rums
628 2649 668 2686 p.
694 2650 757 2684 42.

368 2689 424 2738 (t)
454 2690 640 2731 APOLOG.
671 2687 702 2730 L

368 2742 433 2791 (u)
465 2741 632 2782 GALRN.
662 2741 746 2792 cizffl
769 2740 865 2792 pugl‘.
892 2741 955 2783 IV.
988 2754 1022 2781 c.
1050 2753 1088 2781 2.

369 2796 438 2842 (x)
466 2793 631 2836 GALEN.
659 2797 806 2833 arimin.
835 2793 878 2837 L.
898 2794 969 2834 IX.
1000 2807 1035 2837 c.
1060 2806 1092 2844 3.

371 2846 436 2898 (y)
467 2847 582 2888 Cnrs.
609 2845 716 2896 praefi

363 2899 429 2950 (z)
461 2899 760 2939 GUNZBURGnR
786 2899 938 2940 Medic.
963 2900 1127 2940 talmud.
1157 2911 1199 2948 p.
1221 2911 1279 2943 η,

371 2953 437 3001 (a)
465 2952 651 2991 Nominat
675 2964 740 2991 eos
765 2951 968 2990 GALRNUS
1003 2953 1047 2989 de
1076 2959 1173 2994 arte,

370 3004 436 3053 (b)
465 3001 670 3043 GAmmus
700 3002 914 3044 [nm-oduei.

370 3056 434 3108 (c)
458 3057 518 3098 De
544 3063 678 3104 natur,
709 3057 759 3109 ξςὲ
784 3059 864 3098 ord.
888 3060 1066 3109 cujmque
1100 3067 1203 3106 corp,
