<?xml version="1.0" encoding="UTF-8"?>
<!DOCTYPE html PUBLIC "-//W3C//DTD XHTML 1.0 Transitional//EN"
    "http://www.w3.org/TR/xhtml1/DTD/xhtml1-transitional.dtd">
<html xmlns="http://www.w3.org/1999/xhtml" xml:lang="en" lang="en">
 <head>
  <title>
</title>
<meta http-equiv="Content-Type" content="text/html;charset=utf-8" />
  <meta name='ocr-system' content='tesseract 3.04.00' />
  <meta name='ocr-capabilities' content='ocr_page ocr_carea ocr_par ocr_line ocrx_word'/>
</head>
<body>
  <div class='ocr_page' id='page_1' title='image "bibliothecaanato01hall_0112.png"; bbox 0 0 2556 3442; ppageno 0'>
   <div class='ocr_carea' id='block_1_1' title="bbox 322 143 1699 212">
    <p class='ocr_par' dir='ltr' id='par_1_1' title="bbox 322 143 1699 212">
     <span class='ocr_line' id='line_1_1' title="bbox 322 143 1699 212; baseline -0.002 -18"><span class='ocrx_word' id='word_1_1' title='bbox 322 156 384 205; x_wconf 70' lang='lat'>98</span> <span class='ocrx_word' id='word_1_2' title='bbox 905 147 1258 212; x_wconf 64' lang='lat' dir='ltr'>⁴mair.</span> <span class='ocrx_word' id='word_1_3' title='bbox 1359 143 1699 195; x_wconf 75' lang='lat' dir='ltr'><strong>GRAEcl.</strong></span> 
     </span>
    </p>
   </div>
   <div class='ocr_carea' id='block_1_2' title="bbox 323 279 2371 395">
    <p class='ocr_par' dir='ltr' id='par_1_2' title="bbox 323 279 2371 395">
     <span class='ocr_line' id='line_1_2' title="bbox 323 279 2371 345; baseline -0.001 -14"><span class='ocrx_word' id='word_1_4' title='bbox 323 295 381 332; x_wconf 79' lang='lat' dir='ltr'>ut</span> <span class='ocrx_word' id='word_1_5' title='bbox 411 284 800 333; x_wconf 75' lang='lat' dir='ltr'><strong>ERASISTRATUS.</strong></span> <span class='ocrx_word' id='word_1_6' title='bbox 868 283 994 331; x_wconf 83' lang='lat' dir='ltr'>Citat</span> <span class='ocrx_word' id='word_1_7' title='bbox 1022 280 1110 329; x_wconf 88' lang='lat' dir='ltr'>hoc</span> <span class='ocrx_word' id='word_1_8' title='bbox 1151 289 1266 345; x_wconf 76' lang='lat' dir='ltr'>opus</span> <span class='ocrx_word' id='word_1_9' title='bbox 1296 280 1347 326; x_wconf 88' lang='lat' dir='ltr'>in</span> <span class='ocrx_word' id='word_1_10' title='bbox 1374 279 1491 329; x_wconf 90' lang='lat' dir='ltr'>libro</span> <span class='ocrx_word' id='word_1_11' title='bbox 1522 279 1605 329; x_wconf 90' lang='lat' dir='ltr'>suo</span> <span class='ocrx_word' id='word_1_12' title='bbox 1636 279 1692 329; x_wconf 87' lang='lat' dir='ltr'>de</span> <span class='ocrx_word' id='word_1_13' title='bbox 1717 289 1826 328; x_wconf 81' lang='lat' dir='ltr'>arte.</span> <span class='ocrx_word' id='word_1_14' title='bbox 1893 280 2371 330; x_wconf 84' lang='lat' dir='ltr'>Communicationem</span> 
     </span>
     <span class='ocr_line' id='line_1_3' title="bbox 326 341 2350 395; baseline -0.006 0"><span class='ocrx_word' id='word_1_15' title='bbox 326 364 384 395; x_wconf 81' lang='lat' dir='ltr'>ex</span> <span class='ocrx_word' id='word_1_16' title='bbox 409 349 584 395; x_wconf 86' lang='lat' dir='ltr'>arteriis</span> <span class='ocrx_word' id='word_1_17' title='bbox 605 349 657 395; x_wconf 90' lang='lat' dir='ltr'>in</span> <span class='ocrx_word' id='word_1_18' title='bbox 681 364 818 395; x_wconf 86' lang='lat' dir='ltr'>venas</span> <span class='ocrx_word' id='word_1_19' title='bbox 846 345 1047 393; x_wconf 82' lang='lat' dir='ltr'><strong>defendit</strong></span> <span class='ocrx_word' id='word_1_20' title='bbox 1075 345 1118 390; x_wconf 89' lang='lat'>&amp;</span> <span class='ocrx_word' id='word_1_21' title='bbox 1151 341 1355 390; x_wconf 87' lang='lat' dir='ltr'>viciffim.</span> <span class='ocrx_word' id='word_1_22' title='bbox 2347 352 2350 353; x_wconf 45' lang='lat'><em>⁷</em></span> 
     </span>
    </p>
   </div>
   <div class='ocr_carea' id='block_1_3' title="bbox 281 407 2373 630">
    <p class='ocr_par' dir='ltr' id='par_1_3' title="bbox 281 407 2373 630">
     <span class='ocr_line' id='line_1_4' title="bbox 439 407 2373 505; baseline -0.002 -13"><span class='ocrx_word' id='word_1_23' title='bbox 439 445 608 492; x_wconf 70' lang='lat' dir='ltr'>&#39;Graece</span> <span class='ocrx_word' id='word_1_24' title='bbox 632 443 801 505; x_wconf 90' lang='lat' dir='ltr'>prodiit</span> <span class='ocrx_word' id='word_1_25' title='bbox 823 437 994 489; x_wconf 82' lang='lat' dir='ltr'>Parisiis</span> <span class='ocrx_word' id='word_1_26' title='bbox 1026 449 1161 498; x_wconf 86' lang='lat'>1543.</span> <span class='ocrx_word' id='word_1_27' title='bbox 1194 435 1273 484; x_wconf 85' lang='lat' dir='ltr'>fol.</span> <span class='ocrx_word' id='word_1_28' title='bbox 1308 439 1512 502; x_wconf 56' lang='grc' dir='ltr'><strong>ΜᾼΙΤΤ.</strong></span> <span class='ocrx_word' id='word_1_29' title='bbox 1535 435 1541 439; x_wconf 14' lang='lat' dir='ltr'>i</span> <span class='ocrx_word' id='word_1_30' title='bbox 1578 441 1739 489; x_wconf 80' lang='lat' dir='ltr'>Latine</span> <span class='ocrx_word' id='word_1_31' title='bbox 1762 437 1819 487; x_wconf 83' lang='lat' dir='ltr'>T.</span> <span class='ocrx_word' id='word_1_32' title='bbox 1845 437 2082 488; x_wconf 64' lang='lat' dir='ltr'>LINKCRO</span> <span class='ocrx_word' id='word_1_33' title='bbox 2124 407 2373 502; x_wconf 67' lang='lat' dir='ltr'>interprete</span> 
     </span>
     <span class='ocr_line' id='line_1_5' title="bbox 326 501 2363 565; baseline -0.001 -9"><span class='ocrx_word' id='word_1_34' title='bbox 326 507 461 555; x_wconf 87' lang='lat' dir='ltr'>Paris.</span> <span class='ocrx_word' id='word_1_35' title='bbox 488 510 624 565; x_wconf 83' lang='lat'>1528.</span> <span class='ocrx_word' id='word_1_36' title='bbox 662 512 725 561; x_wconf 81' lang='lat'>8⁰.</span> <span class='ocrx_word' id='word_1_37' title='bbox 761 505 971 565; x_wconf 79' lang='lat' dir='ltr'>Lugdun.</span> <span class='ocrx_word' id='word_1_38' title='bbox 1004 515 1140 561; x_wconf 85' lang='lat'>1549.</span> <span class='ocrx_word' id='word_1_39' title='bbox 1177 501 1266 548; x_wconf 79' lang='lat'>12⁶.</span> <span class='ocrx_word' id='word_1_40' title='bbox 1335 502 1493 548; x_wconf 81' lang='lat' dir='ltr'>Codex</span> <span class='ocrx_word' id='word_1_41' title='bbox 1520 502 1690 551; x_wconf 84' lang='lat' dir='ltr'>latinus</span> <span class='ocrx_word' id='word_1_42' title='bbox 1721 503 1861 550; x_wconf 84' lang='lat' dir='ltr'>exstat</span> <span class='ocrx_word' id='word_1_43' title='bbox 1886 504 1937 550; x_wconf 89' lang='lat' dir='ltr'>in</span> <span class='ocrx_word' id='word_1_44' title='bbox 1954 506 1999 550; x_wconf 89' lang='lat' dir='ltr'>B.</span> <span class='ocrx_word' id='word_1_45' title='bbox 2013 505 2070 551; x_wconf 89' lang='lat' dir='ltr'>R.</span> <span class='ocrx_word' id='word_1_46' title='bbox 2088 505 2135 552; x_wconf 91' lang='lat' dir='ltr'>P.</span> <span class='ocrx_word' id='word_1_47' title='bbox 2157 519 2202 549; x_wconf 89' lang='lat' dir='ltr'>n.</span> <span class='ocrx_word' id='word_1_48' title='bbox 2218 515 2363 563; x_wconf 84' lang='lat'><strong>7011.</strong></span> 
     </span>
     <span class='ocr_line' id='line_1_6' title="bbox 281 563 1784 630; baseline -0.011 -9"><span class='ocrx_word' id='word_1_49' title='bbox 281 583 299 589; x_wconf 58' lang='grc'><strong>“</strong></span> <span class='ocrx_word' id='word_1_50' title='bbox 333 574 378 620; x_wconf 74' lang='grc' dir='ltr'>δι</span> <span class='ocrx_word' id='word_1_51' title='bbox 413 572 465 619; x_wconf 89' lang='lat' dir='ltr'>in</span> <span class='ocrx_word' id='word_1_52' title='bbox 485 572 603 619; x_wconf 90' lang='lat' dir='ltr'>Coll.</span> <span class='ocrx_word' id='word_1_53' title='bbox 633 572 767 630; x_wconf 80' lang='lat' dir='ltr'>CAJo</span> <span class='ocrx_word' id='word_1_54' title='bbox 794 570 1013 615; x_wconf 76' lang='lat' dir='ltr'>Gouvu.</span> <span class='ocrx_word' id='word_1_55' title='bbox 1048 563 1331 626; x_wconf 72' lang='lat' dir='ltr'><em>cantabrigia</em></span> <span class='ocrx_word' id='word_1_56' title='bbox 1354 580 1400 610; x_wconf 90' lang='lat' dir='ltr'>n.</span> <span class='ocrx_word' id='word_1_57' title='bbox 1421 572 1529 624; x_wconf 84' lang='lat'>948.</span> <span class='ocrx_word' id='word_1_58' title='bbox 1779 599 1784 604; x_wconf 84' lang='lat'><strong>.</strong></span> 
     </span>
    </p>
   </div>
   <div class='ocr_carea' id='block_1_4' title="bbox 326 660 2374 848">
    <p class='ocr_par' dir='ltr' id='par_1_4' title="bbox 326 660 2374 848">
     <span class='ocr_line' id='line_1_7' title="bbox 459 660 2374 727; baseline -0.003 -12"><span class='ocrx_word' id='word_1_59' title='bbox 459 672 528 715; x_wconf 89' lang='lat' dir='ltr'>De</span> <span class='ocrx_word' id='word_1_60' title='bbox 544 665 783 727; x_wconf 82' lang='lat' dir='ltr'>substantia</span> <span class='ocrx_word' id='word_1_61' title='bbox 798 663 1065 725; x_wconf 79' lang='lat' dir='ltr'><em>facultatum</em></span> <span class='ocrx_word' id='word_1_62' title='bbox 1086 660 1381 714; x_wconf 85' lang='lat' dir='ltr'><em>naturalium,</em></span> <span class='ocrx_word' id='word_1_63' title='bbox 1431 660 1569 709; x_wconf 88' lang='lat' dir='ltr'>breve</span> <span class='ocrx_word' id='word_1_64' title='bbox 1597 660 1928 723; x_wconf 84' lang='lat' dir='ltr'>fragmentum,</span> <span class='ocrx_word' id='word_1_65' title='bbox 1979 662 2225 721; x_wconf 79' lang='lat' dir='ltr'>interprete</span> <span class='ocrx_word' id='word_1_66' title='bbox 2266 665 2374 717; x_wconf 69' lang='lat' dir='ltr'>Bar,-</span> 
     </span>
     <span class='ocr_line' id='line_1_8' title="bbox 326 722 2373 784; baseline -0.002 -6"><span class='ocrx_word' id='word_1_67' title='bbox 326 729 538 778; x_wconf 79' lang='lat' dir='ltr'>tholomaeo</span> <span class='ocrx_word' id='word_1_68' title='bbox 563 733 826 777; x_wconf 79' lang='lat' dir='ltr'><strong>SYLVANIO</strong></span> <span class='ocrx_word' id='word_1_69' title='bbox 858 722 1120 773; x_wconf 83' lang='lat' dir='ltr'>Salonienfi.</span> <span class='ocrx_word' id='word_1_70' title='bbox 1187 725 1315 770; x_wconf 91' lang='lat' dir='ltr'>Num</span> <span class='ocrx_word' id='word_1_71' title='bbox 1336 725 1501 783; x_wconf 70' lang='lat' dir='ltr'>plantae</span> <span class='ocrx_word' id='word_1_72' title='bbox 1534 726 1740 772; x_wconf 70' lang='lat' dir='ltr'>animatae</span> <span class='ocrx_word' id='word_1_73' title='bbox 1773 725 1860 773; x_wconf 88' lang='lat' dir='ltr'>fint</span> <span class='ocrx_word' id='word_1_74' title='bbox 1891 729 1995 782; x_wconf 87' lang='lat' dir='ltr'>(n),</span> <span class='ocrx_word' id='word_1_75' title='bbox 2033 722 2274 772; x_wconf 86' lang='lat' dir='ltr'>&amp;sensum</span> <span class='ocrx_word' id='word_1_76' title='bbox 2295 725 2373 784; x_wconf 64' lang='lat' dir='ltr'>h&#39;a‘7</span> 
     </span>
     <span class='ocr_line' id='line_1_9' title="bbox 327 786 2233 848; baseline -0.004 -6"><span class='ocrx_word' id='word_1_77' title='bbox 327 794 498 842; x_wconf 79' lang='lat' dir='ltr'>beant?</span> <span class='ocrx_word' id='word_1_78' title='bbox 531 793 707 841; x_wconf 87' lang='lat' dir='ltr'>Habere</span> <span class='ocrx_word' id='word_1_79' title='bbox 731 801 911 837; x_wconf 86' lang='lat' dir='ltr'>tantum</span> <span class='ocrx_word' id='word_1_80' title='bbox 934 786 1112 834; x_wconf 86' lang='lat' dir='ltr'>sensum</span> <span class='ocrx_word' id='word_1_81' title='bbox 1146 787 1376 840; x_wconf 80' lang='lat' dir='ltr'>alimenti,</span> <span class='ocrx_word' id='word_1_82' title='bbox 1413 788 1536 847; x_wconf 89' lang='lat' dir='ltr'>quod</span> <span class='ocrx_word' id='word_1_83' title='bbox 1558 787 1662 848; x_wconf 84' lang='lat' dir='ltr'>ipsis</span> <span class='ocrx_word' id='word_1_84' title='bbox 1687 791 1928 836; x_wconf 86' lang='lat' dir='ltr'>conveniat</span> <span class='ocrx_word' id='word_1_85' title='bbox 1954 801 2033 834; x_wconf 86' lang='lat' dir='ltr'>aut</span> <span class='ocrx_word' id='word_1_86' title='bbox 2055 801 2233 836; x_wconf 84' lang='lat' dir='ltr'>noceat.</span> 
     </span>
    </p>
   </div>
   <div class='ocr_carea' id='block_1_5' title="bbox 393 880 2373 1033">
    <p class='ocr_par' dir='ltr' id='par_1_5' title="bbox 393 880 2373 1033">
     <span class='ocr_line' id='line_1_10' title="bbox 454 880 2373 953; baseline -0.002 -16"><span class='ocrx_word' id='word_1_87' title='bbox 454 891 497 953; x_wconf 90' lang='lat' dir='ltr'>J.</span> <span class='ocrx_word' id='word_1_88' title='bbox 518 890 809 937; x_wconf 70' lang='lat' dir='ltr'>GUNTHERO</span> <span class='ocrx_word' id='word_1_89' title='bbox 837 885 1083 944; x_wconf 85' lang='lat' dir='ltr'>interprete</span> <span class='ocrx_word' id='word_1_90' title='bbox 1107 880 1241 931; x_wconf 87' lang='lat' dir='ltr'>Paris.</span> <span class='ocrx_word' id='word_1_91' title='bbox 1277 889 1409 942; x_wconf 82' lang='lat'>¹528.</span> <span class='ocrx_word' id='word_1_92' title='bbox 1432 886 1495 937; x_wconf 79' lang='lat'>8⁹.</span> <span class='ocrx_word' id='word_1_93' title='bbox 1529 895 1631 932; x_wconf 84' lang='lat' dir='ltr'>tum</span> <span class='ocrx_word' id='word_1_94' title='bbox 1649 885 1863 947; x_wconf 87' lang='lat' dir='ltr'>Lugduni</span> <span class='ocrx_word' id='word_1_95' title='bbox 1885 895 2020 944; x_wconf 87' lang='lat'>1551.</span> <span class='ocrx_word' id='word_1_96' title='bbox 2053 886 2095 931; x_wconf 73' lang='grc' dir='ltr'>δι</span> <span class='ocrx_word' id='word_1_97' title='bbox 2114 895 2250 944; x_wconf 80' lang='lat'>1552.</span> <span class='ocrx_word' id='word_1_98' title='bbox 2276 892 2373 935; x_wconf 79' lang='lat'>12⁰.</span> 
     </span>
     <span class='ocr_line' id='line_1_11' title="bbox 393 976 2371 1033; baseline -0.007 0"><span class='ocrx_word' id='word_1_99' title='bbox 393 1020 397 1023; x_wconf 53' lang='lat'><strong>&lt;</strong></span> <span class='ocrx_word' id='word_1_100' title='bbox 459 985 618 1033; x_wconf 80' lang='lat' dir='ltr'>Codex</span> <span class='ocrx_word' id='word_1_101' title='bbox 642 982 703 1029; x_wconf 87' lang='lat' dir='ltr'>est</span> <span class='ocrx_word' id='word_1_102' title='bbox 727 983 779 1029; x_wconf 89' lang='lat' dir='ltr'>in</span> <span class='ocrx_word' id='word_1_103' title='bbox 802 982 850 1028; x_wconf 90' lang='lat' dir='ltr'>B.</span> <span class='ocrx_word' id='word_1_104' title='bbox 877 980 937 1026; x_wconf 93' lang='lat' dir='ltr'>D.</span> <span class='ocrx_word' id='word_1_105' title='bbox 961 980 1158 1028; x_wconf 82' lang='lat' dir='ltr'><strong>MARCI.</strong></span> <span class='ocrx_word' id='word_1_106' title='bbox 2288 982 2291 984; x_wconf 77' lang='grc'><strong>’</strong></span> <span class='ocrx_word' id='word_1_107' title='bbox 2362 976 2371 981; x_wconf 79' lang='grc'><strong><em>’</em></strong></span> 
     </span>
    </p>
   </div>
   <div class='ocr_carea' id='block_1_6' title="bbox 330 1054 2380 1268">
    <p class='ocr_par' dir='ltr' id='par_1_6' title="bbox 330 1054 2380 1268">
     <span class='ocr_line' id='line_1_12' title="bbox 459 1054 2380 1138; baseline -0.003 -10"><span class='ocrx_word' id='word_1_108' title='bbox 459 1083 692 1128; x_wconf 81' lang='lat' dir='ltr'>Denotatio</span> <span class='ocrx_word' id='word_1_109' title='bbox 710 1054 962 1138; x_wconf 72' lang='lat' dir='ltr'>dogmatum</span> <span class='ocrx_word' id='word_1_110' title='bbox 984 1076 1341 1123; x_wconf 73' lang='lat' dir='ltr'>H1ProanT1s</span> <span class='ocrx_word' id='word_1_111' title='bbox 1371 1091 1426 1122; x_wconf 84' lang='lat' dir='ltr'>ex</span> <span class='ocrx_word' id='word_1_112' title='bbox 1451 1076 1677 1124; x_wconf 72' lang='lat' dir='ltr'>Sromeo.</span> <span class='ocrx_word' id='word_1_113' title='bbox 1744 1077 2071 1124; x_wconf 69' lang='lat' dir='ltr'>errocRArx</span> <span class='ocrx_word' id='word_1_114' title='bbox 2097 1087 2294 1137; x_wconf 82' lang='lat' dir='ltr'>quatuor</span> <span class='ocrx_word' id='word_1_115' title='bbox 2323 1077 2380 1124; x_wconf 81' lang='lat' dir='ltr'>i}-</span> 
     </span>
     <span class='ocr_line' id='line_1_13' title="bbox 330 1139 2378 1200; baseline -0.002 -7"><span class='ocrx_word' id='word_1_116' title='bbox 330 1147 399 1192; x_wconf 86' lang='lat' dir='ltr'>los</span> <span class='ocrx_word' id='word_1_117' title='bbox 426 1140 843 1192; x_wconf 73' lang='lat' dir='ltr'>humores&#39;tribuit.</span> <span class='ocrx_word' id='word_1_118' title='bbox 911 1140 1065 1186; x_wconf 84' lang='lat' dir='ltr'>Vertit</span> <span class='ocrx_word' id='word_1_119' title='bbox 1096 1140 1146 1185; x_wconf 87' lang='lat' dir='ltr'>C.</span> <span class='ocrx_word' id='word_1_120' title='bbox 1175 1140 1460 1186; x_wconf 78' lang='lat' dir='ltr'><strong>GESNERUS.</strong></span> <span class='ocrx_word' id='word_1_121' title='bbox 1498 1139 1714 1200; x_wconf 84' lang='lat' dir='ltr'>Lugduni</span> <span class='ocrx_word' id='word_1_122' title='bbox 1738 1144 1872 1196; x_wconf 82' lang='lat'>1556.</span> <span class='ocrx_word' id='word_1_123' title='bbox 1911 1143 1971 1194; x_wconf 78' lang='lat'>8‘.</span> <span class='ocrx_word' id='word_1_124' title='bbox 2008 1141 2176 1187; x_wconf 80' lang='lat' dir='ltr'><strong>GUNz.</strong></span> <span class='ocrx_word' id='word_1_125' title='bbox 2213 1142 2378 1188; x_wconf 87' lang='lat' dir='ltr'>Emen-</span> 
     </span>
     <span class='ocr_line' id='line_1_14' title="bbox 330 1201 1822 1268; baseline -0.003 -15"><span class='ocrx_word' id='word_1_126' title='bbox 330 1209 462 1256; x_wconf 82' lang='lat' dir='ltr'>datus</span> <span class='ocrx_word' id='word_1_127' title='bbox 491 1223 568 1268; x_wconf 84' lang='lat' dir='ltr'>per</span> <span class='ocrx_word' id='word_1_128' title='bbox 590 1207 632 1267; x_wconf 90' lang='lat' dir='ltr'>J.</span> <span class='ocrx_word' id='word_1_129' title='bbox 660 1205 836 1264; x_wconf 82' lang='lat' dir='ltr'>CAJ-UM</span> <span class='ocrx_word' id='word_1_130' title='bbox 867 1218 1009 1264; x_wconf 81' lang='lat' dir='ltr'>graece</span> <span class='ocrx_word' id='word_1_131' title='bbox 1036 1201 1207 1264; x_wconf 84' lang='lat' dir='ltr'>prodiit</span> <span class='ocrx_word' id='word_1_132' title='bbox 1235 1201 1362 1249; x_wconf 83' lang='lat' dir='ltr'>Bafil.</span> <span class='ocrx_word' id='word_1_133' title='bbox 1389 1213 1524 1261; x_wconf 82' lang='lat'>1557.</span> <span class='ocrx_word' id='word_1_134' title='bbox 1563 1206 1626 1256; x_wconf 83' lang='lat'>8⁰.</span> <span class='ocrx_word' id='word_1_135' title='bbox 1657 1203 1822 1250; x_wconf 69' lang='lat' dir='ltr'>Guuz.</span> 
     </span>
    </p>
   </div>
   <div class='ocr_carea' id='block_1_7' title="bbox 336 1295 2380 1426">
    <p class='ocr_par' dir='ltr' id='par_1_7' title="bbox 336 1295 2380 1426">
     <span class='ocr_line' id='line_1_15' title="bbox 457 1295 2380 1363; baseline -0.001 -13"><span class='ocrx_word' id='word_1_136' title='bbox 457 1304 776 1363; x_wconf 80' lang='lat' dir='ltr'>Fragmentum</span> <span class='ocrx_word' id='word_1_137' title='bbox 803 1298 855 1345; x_wconf 84' lang='lat' dir='ltr'>de</span> <span class='ocrx_word' id='word_1_138' title='bbox 878 1302 930 1345; x_wconf 84' lang='lat' dir='ltr'>iis</span> <span class='ocrx_word' id='word_1_139' title='bbox 953 1314 1040 1359; x_wconf 77' lang='lat' dir='ltr'>quae</span> <span class='ocrx_word' id='word_1_140' title='bbox 1060 1296 1216 1345; x_wconf 85' lang='lat' dir='ltr'>medice</span> <span class='ocrx_word' id='word_1_141' title='bbox 1243 1296 1356 1344; x_wconf 70' lang='grc' dir='ltr'>ἆίἑῖα</span> <span class='ocrx_word' id='word_1_142' title='bbox 1371 1297 1480 1357; x_wconf 74' lang='lat' dir='ltr'>ficnt</span> <span class='ocrx_word' id='word_1_143' title='bbox 1501 1302 1545 1344; x_wconf 88' lang='lat' dir='ltr'>in</span> <span class='ocrx_word' id='word_1_144' title='bbox 1566 1299 1771 1347; x_wconf 76' lang='lat' dir='ltr'><strong>TIMAEO.</strong></span> <span class='ocrx_word' id='word_1_145' title='bbox 1841 1295 2032 1345; x_wconf 84' lang='lat' dir='ltr'>Seorfim</span> <span class='ocrx_word' id='word_1_146' title='bbox 2054 1296 2224 1359; x_wconf 87' lang='lat' dir='ltr'>prodiit</span> <span class='ocrx_word' id='word_1_147' title='bbox 2246 1299 2380 1361; x_wconf 70' lang='lat' dir='ltr'>Lyon</span> 
     </span>
     <span class='ocr_line' id='line_1_16' title="bbox 336 1362 2153 1426; baseline -0.002 -13"><span class='ocrx_word' id='word_1_148' title='bbox 336 1379 470 1426; x_wconf 83' lang='lat'>1550.</span> <span class='ocrx_word' id='word_1_149' title='bbox 494 1367 556 1421; x_wconf 82' lang='lat'>8⁰.</span> <span class='ocrx_word' id='word_1_150' title='bbox 591 1366 634 1411; x_wconf 73' lang='grc' dir='ltr'>δε</span> <span class='ocrx_word' id='word_1_151' title='bbox 656 1380 761 1410; x_wconf 84' lang='lat' dir='ltr'>eum</span> <span class='ocrx_word' id='word_1_152' title='bbox 782 1362 929 1423; x_wconf 54' lang='lat' dir='ltr'>«priori</span> <span class='ocrx_word' id='word_1_153' title='bbox 957 1364 1009 1409; x_wconf 83' lang='lat' dir='ltr'>A.</span> <span class='ocrx_word' id='word_1_154' title='bbox 1043 1363 1360 1410; x_wconf 79' lang='lat' dir='ltr'>GADALDINO</span> <span class='ocrx_word' id='word_1_155' title='bbox 1384 1362 1631 1422; x_wconf 86' lang='lat' dir='ltr'>interprete</span> <span class='ocrx_word' id='word_1_156' title='bbox 1662 1363 1794 1422; x_wconf 84' lang='lat' dir='ltr'>Lyon</span> <span class='ocrx_word' id='word_1_157' title='bbox 1815 1368 1949 1419; x_wconf 87' lang='lat'>1556.</span> <span class='ocrx_word' id='word_1_158' title='bbox 1988 1363 2153 1409; x_wconf 84' lang='lat' dir='ltr'><strong>GUNz.</strong></span> 
     </span>
    </p>
   </div>
   <div class='ocr_carea' id='block_1_8' title="bbox 330 1455 2382 1961">
    <p class='ocr_par' dir='ltr' id='par_1_8' title="bbox 330 1455 2382 1961">
     <span class='ocr_line' id='line_1_17' title="bbox 459 1455 2379 1513; baseline -0.001 -4"><span class='ocrx_word' id='word_1_159' title='bbox 459 1467 528 1510; x_wconf 87' lang='lat' dir='ltr'>De</span> <span class='ocrx_word' id='word_1_160' title='bbox 563 1461 915 1508; x_wconf 77' lang='lat' dir='ltr'>H11‘PocRAT1s</span> <span class='ocrx_word' id='word_1_161' title='bbox 953 1455 1013 1513; x_wconf 56' lang='lat'>&amp;⁶</span> <span class='ocrx_word' id='word_1_162' title='bbox 1047 1458 1301 1505; x_wconf 75' lang='lat' dir='ltr'>PLAToms</span> <span class='ocrx_word' id='word_1_163' title='bbox 1334 1456 1513 1504; x_wconf 82' lang='lat' dir='ltr'>decretis</span> <span class='ocrx_word' id='word_1_164' title='bbox 1548 1456 1654 1504; x_wconf 84' lang='lat' dir='ltr'>libri</span> <span class='ocrx_word' id='word_1_165' title='bbox 1679 1457 1764 1504; x_wconf 90' lang='lat' dir='ltr'>IX.</span> <span class='ocrx_word' id='word_1_166' title='bbox 1810 1461 1859 1512; x_wconf 86' lang='lat' dir='ltr'>J.</span> <span class='ocrx_word' id='word_1_167' title='bbox 1893 1457 2114 1506; x_wconf 79' lang='lat' dir='ltr'>Bernardo</span> <span class='ocrx_word' id='word_1_168' title='bbox 2147 1458 2379 1508; x_wconf 51' lang='lat' dir='ltr'>ancnu</span> 
     </span>
     <span class='ocr_line' id='line_1_18' title="bbox 331 1519 2376 1585; baseline -0.002 -9"><span class='ocrx_word' id='word_1_169' title='bbox 331 1540 404 1576; x_wconf 73' lang='lat' dir='ltr'>No</span> <span class='ocrx_word' id='word_1_170' title='bbox 429 1527 684 1585; x_wconf 86' lang='lat' dir='ltr'>interprete.</span> <span class='ocrx_word' id='word_1_171' title='bbox 753 1520 1036 1569; x_wconf 82' lang='lat' dir='ltr'>Fufisfimum</span> <span class='ocrx_word' id='word_1_172' title='bbox 1070 1519 1159 1567; x_wconf 87' lang='lat' dir='ltr'>hoc</span> <span class='ocrx_word' id='word_1_173' title='bbox 1197 1523 1240 1568; x_wconf 73' lang='lat' dir='ltr'>Sc</span> <span class='ocrx_word' id='word_1_174' title='bbox 1275 1521 1558 1568; x_wconf 59' lang='lat' dir='ltr'>dialecticum</span> <span class='ocrx_word' id='word_1_175' title='bbox 1594 1537 1735 1581; x_wconf 88' lang='lat' dir='ltr'>opus,</span> <span class='ocrx_word' id='word_1_176' title='bbox 1780 1522 2074 1569; x_wconf 77' lang='lat' dir='ltr'>CHRYSIPPO</span> <span class='ocrx_word' id='word_1_177' title='bbox 2102 1521 2376 1583; x_wconf 79' lang='lat' dir='ltr'>oppofitum.</span> 
     </span>
     <span class='ocr_line' id='line_1_19' title="bbox 331 1582 2378 1646; baseline -0.001 -10"><span class='ocrx_word' id='word_1_178' title='bbox 331 1593 381 1640; x_wconf 91' lang='lat' dir='ltr'>L.</span> <span class='ocrx_word' id='word_1_179' title='bbox 397 1591 432 1636; x_wconf 94' lang='grc' dir='ltr'>Ι.</span> <span class='ocrx_word' id='word_1_180' title='bbox 451 1591 623 1636; x_wconf 82' lang='lat' dir='ltr'>Contra</span> <span class='ocrx_word' id='word_1_181' title='bbox 641 1603 746 1633; x_wconf 90' lang='lat' dir='ltr'>eum</span> <span class='ocrx_word' id='word_1_182' title='bbox 762 1587 1100 1632; x_wconf 69' lang='lat' dir='ltr'>CHRsti&#39;PUM</span> <span class='ocrx_word' id='word_1_183' title='bbox 1122 1586 1164 1630; x_wconf 89' lang='lat'>&amp;</span> <span class='ocrx_word' id='word_1_184' title='bbox 1182 1585 1592 1634; x_wconf 79' lang='lat' dir='ltr'>ERASISTRATEOS</span> <span class='ocrx_word' id='word_1_185' title='bbox 1614 1583 1824 1637; x_wconf 88' lang='lat' dir='ltr'>ostendit,</span> <span class='ocrx_word' id='word_1_186' title='bbox 1845 1582 1968 1631; x_wconf 84' lang='lat' dir='ltr'>finus</span> <span class='ocrx_word' id='word_1_187' title='bbox 1990 1585 2136 1632; x_wconf 84' lang='lat' dir='ltr'>cordis</span> <span class='ocrx_word' id='word_1_188' title='bbox 2158 1583 2378 1646; x_wconf 81' lang='lat' dir='ltr'>sanguine</span> 
     </span>
     <span class='ocr_line' id='line_1_20' title="bbox 332 1645 2379 1715; baseline -0.003 -14"><span class='ocrx_word' id='word_1_189' title='bbox 332 1657 488 1715; x_wconf 86' lang='lat' dir='ltr'>plenos</span> <span class='ocrx_word' id='word_1_190' title='bbox 522 1650 601 1698; x_wconf 84' lang='lat' dir='ltr'>effe</span> <span class='ocrx_word' id='word_1_191' title='bbox 620 1685 632 1703; x_wconf 91' lang='lat'>,</span> <span class='ocrx_word' id='word_1_192' title='bbox 670 1666 768 1695; x_wconf 89' lang='lat' dir='ltr'>non</span> <span class='ocrx_word' id='word_1_193' title='bbox 798 1647 975 1709; x_wconf 87' lang='lat' dir='ltr'>spiritu.</span> <span class='ocrx_word' id='word_1_194' title='bbox 1045 1648 1105 1694; x_wconf 86' lang='lat' dir='ltr'>Iis</span> <span class='ocrx_word' id='word_1_195' title='bbox 1134 1646 1318 1695; x_wconf 80' lang='lat' dir='ltr'>sinubus</span> <span class='ocrx_word' id='word_1_196' title='bbox 1345 1645 1455 1694; x_wconf 78' lang='lat' dir='ltr'>laesis</span> <span class='ocrx_word' id='word_1_197' title='bbox 1482 1645 1749 1708; x_wconf 80' lang='lat' dir='ltr'>sanguinem</span> <span class='ocrx_word' id='word_1_198' title='bbox 1782 1664 2101 1709; x_wconf 86' lang='lat' dir='ltr'>prorumpere,</span> <span class='ocrx_word' id='word_1_199' title='bbox 2154 1664 2253 1694; x_wconf 87' lang='lat' dir='ltr'>non</span> <span class='ocrx_word' id='word_1_200' title='bbox 2280 1664 2379 1708; x_wconf 67' lang='lat' dir='ltr'>per-</span> 
     </span>
     <span class='ocr_line' id='line_1_21' title="bbox 331 1709 2380 1772; baseline -0.004 -8"><span class='ocrx_word' id='word_1_201' title='bbox 331 1718 452 1770; x_wconf 86' lang='lat' dir='ltr'>inde,</span> <span class='ocrx_word' id='word_1_202' title='bbox 483 1714 514 1761; x_wconf 85' lang='lat' dir='ltr'>si</span> <span class='ocrx_word' id='word_1_203' title='bbox 538 1713 781 1762; x_wconf 85' lang='lat' dir='ltr'>ventriculi</span> <span class='ocrx_word' id='word_1_204' title='bbox 801 1712 970 1758; x_wconf 88' lang='lat' dir='ltr'>cerebri</span> <span class='ocrx_word' id='word_1_205' title='bbox 998 1711 1272 1772; x_wconf 86' lang='lat' dir='ltr'>aperiantur.</span> <span class='ocrx_word' id='word_1_206' title='bbox 1350 1711 1444 1756; x_wconf 89' lang='lat' dir='ltr'>Cor</span> <span class='ocrx_word' id='word_1_207' title='bbox 1470 1726 1568 1757; x_wconf 91' lang='lat' dir='ltr'>non</span> <span class='ocrx_word' id='word_1_208' title='bbox 1595 1711 1725 1757; x_wconf 86' lang='lat' dir='ltr'>valde</span> <span class='ocrx_word' id='word_1_209' title='bbox 1765 1709 1957 1764; x_wconf 85' lang='lat' dir='ltr'>sentire,</span> <span class='ocrx_word' id='word_1_210' title='bbox 2004 1727 2151 1772; x_wconf 89' lang='lat' dir='ltr'>neque</span> <span class='ocrx_word' id='word_1_211' title='bbox 2190 1727 2244 1757; x_wconf 87' lang='lat' dir='ltr'>eo</span> <span class='ocrx_word' id='word_1_212' title='bbox 2276 1709 2380 1772; x_wconf 75' lang='lat' dir='ltr'>laeso</span> 
     </span>
     <span class='ocr_line' id='line_1_22' title="bbox 331 1772 2381 1840; baseline -0.003 -13"><span class='ocrx_word' id='word_1_213' title='bbox 331 1793 409 1828; x_wconf 91' lang='lat' dir='ltr'>aut</span> <span class='ocrx_word' id='word_1_214' title='bbox 432 1777 570 1840; x_wconf 83' lang='lat' dir='ltr'>preffo</span> <span class='ocrx_word' id='word_1_215' title='bbox 595 1793 755 1824; x_wconf 85' lang='lat' dir='ltr'>vocem</span> <span class='ocrx_word' id='word_1_216' title='bbox 782 1774 984 1822; x_wconf 82' lang='lat' dir='ltr'>deficere.</span> <span class='ocrx_word' id='word_1_217' title='bbox 1069 1775 1445 1822; x_wconf 54' lang='lat' dir='ltr'>Ams‘ro‘rmm</span> <span class='ocrx_word' id='word_1_218' title='bbox 1473 1775 1608 1820; x_wconf 75' lang='lat' dir='ltr'>etiam</span> <span class='ocrx_word' id='word_1_219' title='bbox 1643 1772 1834 1828; x_wconf 80' lang='lat' dir='ltr'>refutat,</span> <span class='ocrx_word' id='word_1_220' title='bbox 1875 1776 1955 1834; x_wconf 88' lang='lat' dir='ltr'>qui</span> <span class='ocrx_word' id='word_1_221' title='bbox 1984 1790 2008 1820; x_wconf 90' lang='lat' dir='ltr'>a</span> <span class='ocrx_word' id='word_1_222' title='bbox 2043 1774 2178 1821; x_wconf 81' lang='lat' dir='ltr'>corde</span> <span class='ocrx_word' id='word_1_223' title='bbox 2213 1790 2381 1833; x_wconf 81' lang='lat' dir='ltr'>nervos</span> 
     </span>
     <span class='ocr_line' id='line_1_23' title="bbox 332 1838 2382 1898; baseline -0.002 -8"><span class='ocrx_word' id='word_1_224' title='bbox 332 1844 450 1890; x_wconf 85' lang='lat' dir='ltr'>dixit</span> <span class='ocrx_word' id='word_1_225' title='bbox 476 1843 600 1888; x_wconf 88' lang='lat' dir='ltr'>oriri.</span> <span class='ocrx_word' id='word_1_226' title='bbox 669 1840 867 1886; x_wconf 87' lang='lat' dir='ltr'>Arterias</span> <span class='ocrx_word' id='word_1_227' title='bbox 907 1855 934 1884; x_wconf 89' lang='lat' dir='ltr'>a</span> <span class='ocrx_word' id='word_1_228' title='bbox 975 1838 1108 1884; x_wconf 78' lang='lat' dir='ltr'>corde</span> <span class='ocrx_word' id='word_1_229' title='bbox 1153 1839 1289 1891; x_wconf 89' lang='lat' dir='ltr'>oriri,</span> <span class='ocrx_word' id='word_1_230' title='bbox 1335 1854 1433 1884; x_wconf 90' lang='lat' dir='ltr'>non</span> <span class='ocrx_word' id='word_1_231' title='bbox 1458 1854 1639 1884; x_wconf 87' lang='lat' dir='ltr'>nervos.</span> <span class='ocrx_word' id='word_1_232' title='bbox 1671 1896 1675 1898; x_wconf 15' lang='grc' dir='ltr'>ῃ</span> <span class='ocrx_word' id='word_1_233' title='bbox 1708 1838 1971 1898; x_wconf 83' lang='lat' dir='ltr'>Ligamenta</span> <span class='ocrx_word' id='word_1_234' title='bbox 2008 1849 2056 1884; x_wconf 77' lang='lat' dir='ltr'>ut</span> <span class='ocrx_word' id='word_1_235' title='bbox 2102 1854 2129 1884; x_wconf 90' lang='lat' dir='ltr'>a</span> <span class='ocrx_word' id='word_1_236' title='bbox 2161 1853 2302 1885; x_wconf 87' lang='lat' dir='ltr'>nervo</span> <span class='ocrx_word' id='word_1_237' title='bbox 2336 1839 2382 1886; x_wconf 74' lang='lat' dir='ltr'>Sc</span> 
     </span>
     <span class='ocr_line' id='line_1_24' title="bbox 330 1899 2122 1961; baseline -0.003 -8"><span class='ocrx_word' id='word_1_238' title='bbox 330 1908 514 1954; x_wconf 87' lang='lat' dir='ltr'>tendine</span> <span class='ocrx_word' id='word_1_239' title='bbox 544 1899 787 1951; x_wconf 84' lang='lat' dir='ltr'>differant:</span> <span class='ocrx_word' id='word_1_240' title='bbox 834 1900 966 1951; x_wconf 85' lang='lat' dir='ltr'>sensu</span> <span class='ocrx_word' id='word_1_241' title='bbox 989 1902 1143 1948; x_wconf 85' lang='lat' dir='ltr'>eadem</span> <span class='ocrx_word' id='word_1_242' title='bbox 1175 1917 1323 1947; x_wconf 80' lang='lat' dir='ltr'>carere</span> <span class='ocrx_word' id='word_1_243' title='bbox 1354 1905 1450 1960; x_wconf 87' lang='lat' dir='ltr'>(o).</span> <span class='ocrx_word' id='word_1_244' title='bbox 1518 1900 1798 1961; x_wconf 84' lang='lat' dir='ltr'>Principium</span> <span class='ocrx_word' id='word_1_245' title='bbox 1825 1901 1930 1947; x_wconf 81' lang='lat' dir='ltr'>libri</span> <span class='ocrx_word' id='word_1_246' title='bbox 1955 1899 2122 1948; x_wconf 81' lang='lat' dir='ltr'>deficit.</span> 
     </span>
    </p>
   </div>
   <div class='ocr_carea' id='block_1_9' title="bbox 333 1995 2382 2380">
    <p class='ocr_par' dir='ltr' id='par_1_9' title="bbox 333 1995 2382 2380">
     <span class='ocr_line' id='line_1_25' title="bbox 461 1995 2380 2062; baseline -0.005 -14"><span class='ocrx_word' id='word_1_247' title='bbox 461 2001 560 2048; x_wconf 87' lang='lat' dir='ltr'>Lib.</span> <span class='ocrx_word' id='word_1_248' title='bbox 589 2002 651 2047; x_wconf 92' lang='lat' dir='ltr'>II.</span> <span class='ocrx_word' id='word_1_249' title='bbox 687 1998 775 2062; x_wconf 81' lang='lat' dir='ltr'>(p)</span> <span class='ocrx_word' id='word_1_250' title='bbox 795 2035 806 2046; x_wconf 89' lang='lat'><strong>.</strong></span> <span class='ocrx_word' id='word_1_251' title='bbox 874 1999 1085 2045; x_wconf 80' lang='lat' dir='ltr'>Animam</span> <span class='ocrx_word' id='word_1_252' title='bbox 1110 2013 1204 2044; x_wconf 85' lang='lat' dir='ltr'>non</span> <span class='ocrx_word' id='word_1_253' title='bbox 1233 1998 1284 2044; x_wconf 88' lang='lat' dir='ltr'>in</span> <span class='ocrx_word' id='word_1_254' title='bbox 1314 1996 1446 2044; x_wconf 89' lang='lat' dir='ltr'>corde</span> <span class='ocrx_word' id='word_1_255' title='bbox 1476 1995 1676 2043; x_wconf 82' lang='lat' dir='ltr'>habitare</span> <span class='ocrx_word' id='word_1_256' title='bbox 1694 2031 1707 2050; x_wconf 89' lang='lat'>,</span> <span class='ocrx_word' id='word_1_257' title='bbox 1737 2013 1820 2043; x_wconf 87' lang='lat' dir='ltr'>nec</span> <span class='ocrx_word' id='word_1_258' title='bbox 1853 2013 1908 2043; x_wconf 83' lang='lat' dir='ltr'>ex</span> <span class='ocrx_word' id='word_1_259' title='bbox 1935 1996 2068 2043; x_wconf 83' lang='lat' dir='ltr'>corde</span> <span class='ocrx_word' id='word_1_260' title='bbox 2094 2013 2253 2044; x_wconf 88' lang='lat' dir='ltr'>vocem</span> <span class='ocrx_word' id='word_1_261' title='bbox 2276 2012 2380 2058; x_wconf 88' lang='lat' dir='ltr'>pro.</span> 
     </span>
     <span class='ocr_line' id='line_1_26' title="bbox 333 2058 2376 2124; baseline -0.003 -12"><span class='ocrx_word' id='word_1_262' title='bbox 333 2066 452 2118; x_wconf 87' lang='lat' dir='ltr'>dire,</span> <span class='ocrx_word' id='word_1_263' title='bbox 488 2080 634 2124; x_wconf 86' lang='lat' dir='ltr'>neque</span> <span class='ocrx_word' id='word_1_264' title='bbox 656 2063 828 2109; x_wconf 83' lang='lat' dir='ltr'>arteriis</span> <span class='ocrx_word' id='word_1_265' title='bbox 853 2062 1112 2122; x_wconf 86' lang='lat' dir='ltr'>interceptis</span> <span class='ocrx_word' id='word_1_266' title='bbox 1132 2062 1299 2107; x_wconf 86' lang='lat' dir='ltr'>animal</span> <span class='ocrx_word' id='word_1_267' title='bbox 1325 2058 1658 2112; x_wconf 86' lang='lat' dir='ltr'>obmutescere,</span> <span class='ocrx_word' id='word_1_268' title='bbox 1692 2058 1767 2105; x_wconf 87' lang='lat' dir='ltr'>sed</span> <span class='ocrx_word' id='word_1_269' title='bbox 1791 2061 1951 2119; x_wconf 90' lang='lat' dir='ltr'>utique</span> <span class='ocrx_word' id='word_1_270' title='bbox 1967 2061 2119 2107; x_wconf 85' lang='lat' dir='ltr'>nervis</span> <span class='ocrx_word' id='word_1_271' title='bbox 2138 2060 2376 2114; x_wconf 66' lang='lat' dir='ltr'>obstruitis.</span> 
     </span>
     <span class='ocr_line' id='line_1_27' title="bbox 334 2120 2382 2189; baseline -0.002 -15"><span class='ocrx_word' id='word_1_272' title='bbox 334 2144 449 2189; x_wconf 88' lang='lat' dir='ltr'>quos</span> <span class='ocrx_word' id='word_1_273' title='bbox 468 2139 639 2174; x_wconf 88' lang='lat' dir='ltr'>veteres</span> <span class='ocrx_word' id='word_1_274' title='bbox 664 2142 768 2172; x_wconf 91' lang='lat' dir='ltr'>cum</span> <span class='ocrx_word' id='word_1_275' title='bbox 792 2126 965 2171; x_wconf 87' lang='lat' dir='ltr'>arteriis</span> <span class='ocrx_word' id='word_1_276' title='bbox 982 2124 1243 2186; x_wconf 74' lang='lat' dir='ltr'>ligaverint,</span> <span class='ocrx_word' id='word_1_277' title='bbox 1271 2124 1465 2183; x_wconf 87' lang='lat' dir='ltr'>indeque</span> <span class='ocrx_word' id='word_1_278' title='bbox 1490 2124 1538 2169; x_wconf 85' lang='lat' dir='ltr'>in</span> <span class='ocrx_word' id='word_1_279' title='bbox 1554 2139 1748 2168; x_wconf 85' lang='lat' dir='ltr'>errorem</span> <span class='ocrx_word' id='word_1_280' title='bbox 1763 2120 1850 2168; x_wconf 87' lang='lat' dir='ltr'>fint</span> <span class='ocrx_word' id='word_1_281' title='bbox 1870 2122 2064 2169; x_wconf 65' lang='lat' dir='ltr'>abduai.</span> <span class='ocrx_word' id='word_1_282' title='bbox 2132 2124 2382 2173; x_wconf 82' lang='lat' dir='ltr'>Cerebrum</span> 
     </span>
     <span class='ocr_line' id='line_1_28' title="bbox 334 2184 2382 2251; baseline -0.003 -13"><span class='ocrx_word' id='word_1_283' title='bbox 334 2190 416 2239; x_wconf 78' lang='lat' dir='ltr'>effe</span> <span class='ocrx_word' id='word_1_284' title='bbox 446 2206 669 2251; x_wconf 82' lang='lat' dir='ltr'>organum</span> <span class='ocrx_word' id='word_1_285' title='bbox 701 2201 852 2235; x_wconf 77' lang='lat' dir='ltr'>motus</span> <span class='ocrx_word' id='word_1_286' title='bbox 879 2188 1160 2240; x_wconf 88' lang='lat' dir='ltr'>voluntarii,</span> <span class='ocrx_word' id='word_1_287' title='bbox 1196 2204 1273 2233; x_wconf 89' lang='lat' dir='ltr'>cor</span> <span class='ocrx_word' id='word_1_288' title='bbox 1300 2187 1615 2233; x_wconf 82' lang='lat' dir='ltr'>involuntarii.</span> <span class='ocrx_word' id='word_1_289' title='bbox 1684 2186 1855 2232; x_wconf 86' lang='lat' dir='ltr'>Iterum</span> <span class='ocrx_word' id='word_1_290' title='bbox 1884 2186 1935 2231; x_wconf 88' lang='lat' dir='ltr'>in</span> <span class='ocrx_word' id='word_1_291' title='bbox 1960 2186 2233 2234; x_wconf 79' lang='lat' dir='ltr'>animalibus</span> <span class='ocrx_word' id='word_1_292' title='bbox 2255 2184 2382 2233; x_wconf 86' lang='lat' dir='ltr'>bafin</span> 
     </span>
     <span class='ocr_line' id='line_1_29' title="bbox 335 2247 2382 2312; baseline -0.001 -11"><span class='ocrx_word' id='word_1_293' title='bbox 335 2254 486 2302; x_wconf 88' lang='lat' dir='ltr'>cordis</span> <span class='ocrx_word' id='word_1_294' title='bbox 520 2254 571 2300; x_wconf 88' lang='lat' dir='ltr'>in</span> <span class='ocrx_word' id='word_1_295' title='bbox 609 2253 757 2299; x_wconf 90' lang='lat' dir='ltr'>medio</span> <span class='ocrx_word' id='word_1_296' title='bbox 794 2255 971 2312; x_wconf 62' lang='lat' dir='ltr'>peetore</span> <span class='ocrx_word' id='word_1_297' title='bbox 1012 2252 1216 2298; x_wconf 89' lang='lat' dir='ltr'>collocat.</span> <span class='ocrx_word' id='word_1_298' title='bbox 1302 2251 1624 2310; x_wconf 84' lang='lat' dir='ltr'>Experimenta</span> <span class='ocrx_word' id='word_1_299' title='bbox 1659 2249 1844 2296; x_wconf 82' lang='lat' dir='ltr'>adducit</span> <span class='ocrx_word' id='word_1_300' title='bbox 1868 2261 1923 2296; x_wconf 86' lang='lat' dir='ltr'>ut</span> <span class='ocrx_word' id='word_1_301' title='bbox 1956 2266 2049 2296; x_wconf 75' lang='lat' dir='ltr'>vox</span> <span class='ocrx_word' id='word_1_302' title='bbox 2073 2247 2382 2312; x_wconf 74' lang='lat' dir='ltr'>supprimatur</span> 
     </span>
     <span class='ocr_line' id='line_1_30' title="bbox 335 2315 1375 2380; baseline -0.007 -14"><span class='ocrx_word' id='word_1_303' title='bbox 335 2317 487 2380; x_wconf 81' lang='lat' dir='ltr'>aspera</span> <span class='ocrx_word' id='word_1_304' title='bbox 516 2318 677 2363; x_wconf 87' lang='lat' dir='ltr'>arteria</span> <span class='ocrx_word' id='word_1_305' title='bbox 704 2328 882 2376; x_wconf 84' lang='lat' dir='ltr'>aperta,</span> <span class='ocrx_word' id='word_1_306' title='bbox 918 2327 997 2362; x_wconf 89' lang='lat' dir='ltr'>aut</span> <span class='ocrx_word' id='word_1_307' title='bbox 1028 2315 1177 2375; x_wconf 88' lang='lat' dir='ltr'>ligatis</span> <span class='ocrx_word' id='word_1_308' title='bbox 1207 2315 1375 2360; x_wconf 86' lang='lat' dir='ltr'>nervis.</span> 
     </span>
    </p>
   </div>
   <div class='ocr_carea' id='block_1_10' title="bbox 337 2406 2389 2775">
    <p class='ocr_par' dir='ltr' id='par_1_10' title="bbox 337 2406 2384 2718">
     <span class='ocr_line' id='line_1_31' title="bbox 417 2406 2384 2471; baseline -0.001 -12"><span class='ocrx_word' id='word_1_309' title='bbox 417 2419 420 2423; x_wconf 77' lang='grc'>’</span> <span class='ocrx_word' id='word_1_310' title='bbox 464 2412 562 2460; x_wconf 87' lang='lat' dir='ltr'>Lib.</span> <span class='ocrx_word' id='word_1_311' title='bbox 587 2412 669 2459; x_wconf 89' lang='lat'><strong>111.</strong></span> <span class='ocrx_word' id='word_1_312' title='bbox 700 2412 867 2471; x_wconf 22' lang='lat' dir='ltr'>utique·</span> <span class='ocrx_word' id='word_1_313' title='bbox 887 2427 983 2457; x_wconf 89' lang='lat' dir='ltr'>non</span> <span class='ocrx_word' id='word_1_314' title='bbox 1014 2408 1095 2456; x_wconf 82' lang='lat' dir='ltr'>effe</span> <span class='ocrx_word' id='word_1_315' title='bbox 1122 2413 1171 2457; x_wconf 91' lang='lat' dir='ltr'>in</span> <span class='ocrx_word' id='word_1_316' title='bbox 1197 2410 1330 2458; x_wconf 89' lang='lat' dir='ltr'>corde</span> <span class='ocrx_word' id='word_1_317' title='bbox 1366 2409 1555 2456; x_wconf 80' lang='lat' dir='ltr'>rationis</span> <span class='ocrx_word' id='word_1_318' title='bbox 1588 2406 1762 2462; x_wconf 88' lang='lat' dir='ltr'>sedem,</span> <span class='ocrx_word' id='word_1_319' title='bbox 1808 2407 1883 2455; x_wconf 88' lang='lat' dir='ltr'>sed</span> <span class='ocrx_word' id='word_1_320' title='bbox 1911 2409 1963 2454; x_wconf 88' lang='lat' dir='ltr'>in</span> <span class='ocrx_word' id='word_1_321' title='bbox 1996 2409 2190 2459; x_wconf 80' lang='lat' dir='ltr'>cerebro.</span> <span class='ocrx_word' id='word_1_322' title='bbox 2260 2412 2384 2467; x_wconf 52' lang='grc' dir='ltr'>(λικε</span> 
     </span>
     <span class='ocr_line' id='line_1_32' title="bbox 337 2472 2383 2537; baseline -0.002 -13"><span class='ocrx_word' id='word_1_323' title='bbox 337 2476 590 2537; x_wconf 87' lang='lat' dir='ltr'>sequuntur</span> <span class='ocrx_word' id='word_1_324' title='bbox 619 2476 669 2521; x_wconf 88' lang='lat' dir='ltr'>in</span> <span class='ocrx_word' id='word_1_325' title='bbox 699 2476 796 2521; x_wconf 86' lang='lat' dir='ltr'>Lib.</span> <span class='ocrx_word' id='word_1_326' title='bbox 823 2475 905 2521; x_wconf 87' lang='grc' dir='ltr'><strong>ΙΙΙ.</strong></span> <span class='ocrx_word' id='word_1_327' title='bbox 938 2475 1019 2520; x_wconf 87' lang='lat' dir='ltr'>IV.</span> <span class='ocrx_word' id='word_1_328' title='bbox 1055 2476 1096 2520; x_wconf 88' lang='lat'>&amp;</span> <span class='ocrx_word' id='word_1_329' title='bbox 1126 2473 1186 2520; x_wconf 89' lang='lat' dir='ltr'>V.</span> <span class='ocrx_word' id='word_1_330' title='bbox 1236 2472 1327 2519; x_wconf 82' lang='lat' dir='ltr'>fere</span> <span class='ocrx_word' id='word_1_331' title='bbox 1357 2473 1414 2518; x_wconf 87' lang='lat' dir='ltr'>ad</span> <span class='ocrx_word' id='word_1_332' title='bbox 1451 2473 1613 2520; x_wconf 80' lang='lat' dir='ltr'>animae</span> <span class='ocrx_word' id='word_1_333' title='bbox 1658 2486 1867 2519; x_wconf 87' lang='lat' dir='ltr'>naturam</span> <span class='ocrx_word' id='word_1_334' title='bbox 1904 2475 2156 2533; x_wconf 80' lang='lat' dir='ltr'>pertinent,</span> <span class='ocrx_word' id='word_1_335' title='bbox 2204 2473 2254 2522; x_wconf 86' lang='lat' dir='ltr'>in</span> <span class='ocrx_word' id='word_1_336' title='bbox 2293 2489 2383 2533; x_wconf 73' lang='lat' dir='ltr'>qua</span> 
     </span>
     <span class='ocr_line' id='line_1_33' title="bbox 338 2536 2382 2596; baseline -0.002 -9"><span class='ocrx_word' id='word_1_337' title='bbox 338 2542 653 2587; x_wconf 78' lang='lat' dir='ltr'>CHRYSIPPUS</span> <span class='ocrx_word' id='word_1_338' title='bbox 675 2538 855 2584; x_wconf 86' lang='lat' dir='ltr'>unicam</span> <span class='ocrx_word' id='word_1_339' title='bbox 877 2536 1136 2583; x_wconf 82' lang='lat' dir='ltr'>facultatem</span> <span class='ocrx_word' id='word_1_340' title='bbox 1166 2536 1432 2584; x_wconf 83' lang='lat' dir='ltr'>admittebat</span> <span class='ocrx_word' id='word_1_341' title='bbox 1450 2571 1462 2589; x_wconf 92' lang='lat'>,</span> <span class='ocrx_word' id='word_1_342' title='bbox 1500 2537 1741 2583; x_wconf 73' lang='lat' dir='ltr'>GALENUS</span> <span class='ocrx_word' id='word_1_343' title='bbox 1766 2538 1929 2596; x_wconf 83' lang='lat' dir='ltr'>plures.</span> <span class='ocrx_word' id='word_1_344' title='bbox 1997 2538 2109 2583; x_wconf 77' lang='lat' dir='ltr'>Haec</span> <span class='ocrx_word' id='word_1_345' title='bbox 2135 2548 2286 2582; x_wconf 89' lang='lat' dir='ltr'>autem</span> <span class='ocrx_word' id='word_1_346' title='bbox 2325 2551 2382 2582; x_wconf 84' lang='lat' dir='ltr'>ex</span> 
     </span>
     <span class='ocr_line' id='line_1_34' title="bbox 337 2599 2381 2661; baseline -0.001 -10"><span class='ocrx_word' id='word_1_347' title='bbox 337 2605 578 2651; x_wconf 83' lang='lat' dir='ltr'>Poetarum</span> <span class='ocrx_word' id='word_1_348' title='bbox 603 2601 893 2654; x_wconf 60' lang='lat' dir='ltr'>auetoritate,</span> <span class='ocrx_word' id='word_1_349' title='bbox 945 2603 987 2648; x_wconf 89' lang='lat'>&amp;</span> <span class='ocrx_word' id='word_1_350' title='bbox 1017 2617 1072 2647; x_wconf 83' lang='lat' dir='ltr'>ex</span> <span class='ocrx_word' id='word_1_351' title='bbox 1098 2601 1336 2648; x_wconf 84' lang='lat' dir='ltr'>ratiocinio</span> <span class='ocrx_word' id='word_1_352' title='bbox 1363 2601 1517 2661; x_wconf 80' lang='lat' dir='ltr'>potius</span> <span class='ocrx_word' id='word_1_353' title='bbox 1535 2634 1548 2653; x_wconf 91' lang='lat'>‚</span> <span class='ocrx_word' id='word_1_354' title='bbox 1597 2616 1734 2660; x_wconf 89' lang='lat' dir='ltr'>quam</span> <span class='ocrx_word' id='word_1_355' title='bbox 1771 2616 1826 2647; x_wconf 87' lang='lat' dir='ltr'>ex</span> <span class='ocrx_word' id='word_1_356' title='bbox 1855 2610 2066 2646; x_wconf 86' lang='lat' dir='ltr'>anatome</span> <span class='ocrx_word' id='word_1_357' title='bbox 2101 2616 2128 2645; x_wconf 89' lang='lat' dir='ltr'>a</span> <span class='ocrx_word' id='word_1_358' title='bbox 2165 2599 2381 2648; x_wconf 67' lang='grc' dir='ltr'>ΕΔΗ-’.ΝΘ</span> 
     </span>
     <span class='ocr_line' id='line_1_35' title="bbox 339 2663 929 2718; baseline -0.017 -1"><span class='ocrx_word' id='word_1_359' title='bbox 339 2667 638 2718; x_wconf 77' lang='lat' dir='ltr'>definiuntur.</span> <span class='ocrx_word' id='word_1_360' title='bbox 927 2663 929 2665; x_wconf 78' lang='grc'><strong>’</strong></span> 
     </span>
    </p>

    <p class='ocr_par' dir='ltr' id='par_1_11' title="bbox 2325 2725 2389 2775">
     <span class='ocr_line' id='line_1_36' title="bbox 2325 2725 2389 2775; baseline -0.031 0"><span class='ocrx_word' id='word_1_361' title='bbox 2325 2725 2389 2775; x_wconf 74' lang='lat'>112³</span> 
     </span>
    </p>
   </div>
   <div class='ocr_carea' id='block_1_11' title="bbox 391 2817 2391 3083">
    <p class='ocr_par' dir='ltr' id='par_1_12' title="bbox 393 2817 2386 2916">
     <span class='ocr_line' id='line_1_37' title="bbox 393 2817 2386 2876; baseline -0.002 -12"><span class='ocrx_word' id='word_1_362' title='bbox 393 2823 471 2876; x_wconf 61' lang='lat' dir='ltr'>(ny</span> <span class='ocrx_word' id='word_1_363' title='bbox 498 2822 610 2863; x_wconf 77' lang='lat' dir='ltr'>Liber</span> <span class='ocrx_word' id='word_1_364' title='bbox 637 2822 702 2861; x_wconf 81' lang='lat' dir='ltr'>ist&#39;e</span> <span class='ocrx_word' id='word_1_365' title='bbox 731 2821 890 2871; x_wconf 77' lang='lat' dir='ltr'>scriptus</span> <span class='ocrx_word' id='word_1_366' title='bbox 914 2821 975 2861; x_wconf 75' lang='lat' dir='ltr'>est&#39;</span> <span class='ocrx_word' id='word_1_367' title='bbox 988 2821 1212 2862; x_wconf 74' lang='lat' dir='ltr'>exhortante</span> <span class='ocrx_word' id='word_1_368' title='bbox 1232 2823 1423 2871; x_wconf 65' lang='lat' dir='ltr'>Boni-no,</span> <span class='ocrx_word' id='word_1_369' title='bbox 1448 2821 1530 2872; x_wconf 86' lang='lat' dir='ltr'>post</span> <span class='ocrx_word' id='word_1_370' title='bbox 1552 2820 1640 2861; x_wconf 85' lang='lat' dir='ltr'>illos</span> <span class='ocrx_word' id='word_1_371' title='bbox 1669 2821 1716 2861; x_wconf 85' lang='lat' dir='ltr'>de</span> <span class='ocrx_word' id='word_1_372' title='bbox 1743 2817 1952 2875; x_wconf 65' lang='lat' dir='ltr'>diffib&#39;lione</span> <span class='ocrx_word' id='word_1_373' title='bbox 1970 2822 2207 2860; x_wconf 80' lang='lat' dir='ltr'>arteriarum</span> <span class='ocrx_word' id='word_1_374' title='bbox 2236 2821 2273 2861; x_wconf 70' lang='lat' dir='ltr'>ec</span> <span class='ocrx_word' id='word_1_375' title='bbox 2298 2833 2386 2860; x_wconf 83' lang='lat' dir='ltr'>ner-</span> 
     </span>
     <span class='ocr_line' id='line_1_38' title="bbox 497 2872 2297 2916; baseline -0.002 -2"><span class='ocrx_word' id='word_1_376' title='bbox 497 2890 635 2914; x_wconf 73' lang='lat' dir='ltr'>vorum</span> <span class='ocrx_word' id='word_1_377' title='bbox 662 2872 826 2916; x_wconf 80' lang='lat' dir='ltr'>libeilos.</span> <span class='ocrx_word' id='word_1_378' title='bbox 887 2873 986 2913; x_wconf 79' lang='lat' dir='ltr'>Citat</span> <span class='ocrx_word' id='word_1_379' title='bbox 1008 2876 1187 2913; x_wconf 83' lang='lat' dir='ltr'>eumdem</span> <span class='ocrx_word' id='word_1_380' title='bbox 1211 2874 1413 2914; x_wconf 78' lang='lat' dir='ltr'>GALENUS</span> <span class='ocrx_word' id='word_1_381' title='bbox 1437 2876 1478 2913; x_wconf 84' lang='lat' dir='ltr'>in</span> <span class='ocrx_word' id='word_1_382' title='bbox 1501 2873 1710 2914; x_wconf 66' lang='lat' dir='ltr'>introducff.</span> <span class='ocrx_word' id='word_1_383' title='bbox 1744 2878 1778 2914; x_wconf 76' lang='lat' dir='ltr'>Sc</span> <span class='ocrx_word' id='word_1_384' title='bbox 1809 2883 1904 2915; x_wconf 85' lang='lat' dir='ltr'>arte.</span> <span class='ocrx_word' id='word_1_385' title='bbox 2274 2905 2297 2910; x_wconf 31' lang='lat'>⁴,</span> 
     </span>
    </p>

    <p class='ocr_par' dir='ltr' id='par_1_13' title="bbox 391 2923 2391 3019">
     <span class='ocr_line' id='line_1_39' title="bbox 391 2923 2391 2982; baseline -0.002 -15"><span class='ocrx_word' id='word_1_386' title='bbox 391 2928 454 2978; x_wconf 87' lang='grc' dir='ltr'>(ο)</span> <span class='ocrx_word' id='word_1_387' title='bbox 489 2926 590 2967; x_wconf 85' lang='lat' dir='ltr'>Citat</span> <span class='ocrx_word' id='word_1_388' title='bbox 612 2928 720 2967; x_wconf 89' lang='lat' dir='ltr'>suum</span> <span class='ocrx_word' id='word_1_389' title='bbox 751 2926 798 2965; x_wconf 89' lang='lat' dir='ltr'>de</span> <span class='ocrx_word' id='word_1_390' title='bbox 824 2925 1225 2975; x_wconf 65' lang='lat' dir='ltr'>adztzimstrationibw</span> <span class='ocrx_word' id='word_1_391' title='bbox 1254 2929 1289 2967; x_wconf 86' lang='lat'>&amp;</span> <span class='ocrx_word' id='word_1_392' title='bbox 1315 2928 1362 2982; x_wconf 75' lang='lat' dir='ltr'>de</span> <span class='ocrx_word' id='word_1_393' title='bbox 1386 2926 1459 2979; x_wconf 67' lang='lat' dir='ltr'>ufic</span> <span class='ocrx_word' id='word_1_394' title='bbox 1481 2931 1658 2977; x_wconf 79' lang='lat' dir='ltr'>partium</span> <span class='ocrx_word' id='word_1_395' title='bbox 1679 2939 1802 2978; x_wconf 88' lang='lat' dir='ltr'>opus,</span> <span class='ocrx_word' id='word_1_396' title='bbox 1834 2935 1878 2966; x_wconf 88' lang='lat' dir='ltr'>ut</span> <span class='ocrx_word' id='word_1_397' title='bbox 1893 2924 1934 2965; x_wconf 87' lang='lat' dir='ltr'>id</span> <span class='ocrx_word' id='word_1_398' title='bbox 1952 2924 2055 2974; x_wconf 86' lang='lat' dir='ltr'>quod</span> <span class='ocrx_word' id='word_1_399' title='bbox 2082 2925 2244 2967; x_wconf 73' lang='lat' dir='ltr'>dicimus</span> <span class='ocrx_word' id='word_1_400' title='bbox 2265 2923 2310 2964; x_wconf 85' lang='lat' dir='ltr'>fit</span> <span class='ocrx_word' id='word_1_401' title='bbox 2333 2932 2391 2965; x_wconf 69' lang='lat' dir='ltr'>ex:</span> 
     </span>
     <span class='ocr_line' id='line_1_40' title="bbox 490 2977 1129 3019; baseline 0 -1"><span class='ocrx_word' id='word_1_402' title='bbox 490 2980 709 3019; x_wconf 67' lang='lat' dir='ltr'>‘noviffimis</span> <span class='ocrx_word' id='word_1_403' title='bbox 736 2979 898 3019; x_wconf 73' lang='lat' dir='ltr'>auCtoris</span> <span class='ocrx_word' id='word_1_404' title='bbox 927 2977 1129 3018; x_wconf 78' lang='lat' dir='ltr'>laboribus,</span> 
     </span>
    </p>

    <p class='ocr_par' dir='ltr' id='par_1_14' title="bbox 393 3027 2010 3083">
     <span class='ocr_line' id='line_1_41' title="bbox 393 3027 2010 3083; baseline -0.002 -10"><span class='ocrx_word' id='word_1_405' title='bbox 393 3031 459 3082; x_wconf 83' lang='lat' dir='ltr'>(p)</span> <span class='ocrx_word' id='word_1_406' title='bbox 487 3031 590 3073; x_wconf 78' lang='lat' dir='ltr'>Citat</span> <span class='ocrx_word' id='word_1_407' title='bbox 621 3031 762 3073; x_wconf 86' lang='lat' dir='ltr'>librum</span> <span class='ocrx_word' id='word_1_408' title='bbox 789 3032 837 3071; x_wconf 89' lang='lat' dir='ltr'>de</span> <span class='ocrx_word' id='word_1_409' title='bbox 864 3030 1031 3071; x_wconf 75' lang='lat' dir='ltr'>thoracis</span> <span class='ocrx_word' id='word_1_410' title='bbox 1053 3031 1105 3079; x_wconf 59' lang='lat'>{0⁹</span> <span class='ocrx_word' id='word_1_411' title='bbox 1125 3032 1355 3081; x_wconf 71' lang='lat' dir='ltr'>pulmonum</span> <span class='ocrx_word' id='word_1_412' title='bbox 1376 3039 1510 3080; x_wconf 79' lang='lat' dir='ltr'>motu,</span> <span class='ocrx_word' id='word_1_413' title='bbox 1538 3033 1583 3071; x_wconf 84' lang='lat' dir='ltr'>de</span> <span class='ocrx_word' id='word_1_414' title='bbox 1608 3027 1811 3083; x_wconf 77' lang='lat' dir='ltr'>musculis,</span> <span class='ocrx_word' id='word_1_415' title='bbox 1840 3031 1886 3069; x_wconf 78' lang='lat' dir='ltr'>de</span> <span class='ocrx_word' id='word_1_416' title='bbox 1912 3042 2010 3070; x_wconf 78' lang='lat' dir='ltr'>voce.</span> 
     </span>
    </p>
   </div>
  </div>
 </body>
</html>
