2556 3442
257 127 321 173 40
914 82 1694 152 LIB.1.-JGRAECI..

261 261 365 293 eum
394 241 582 298 effundi.
648 241 939 291 Menstruum
970 255 994 285 a
1022 236 1189 284 semine
1223 233 1418 287 masculo
1444 231 1686 294 coagulari.
1755 230 1848 277 Coi·
1882 229 2077 290 primum
2104 230 2306 288 formari,

260 300 422 355 deinde
471 321 607 353 venas
629 305 930 353 umbilicales.
1018 302 1169 347 Partes
1213 297 1332 344 fetus
1355 313 1467 357 non
1502 296 1558 342 ad
1593 295 1803 356 *parentis
1843 306 1989 354 partes
2025 293 2140 357 fingi
2159 330 2172 349 ‚
2231 297 2311 344 ovi

265 373 485 432 exemplo.
553 369 846 416 Rubelliones
880 380 1036 411 omnes
1074 363 1174 408 ovis
1210 359 1326 407 fetos
1359 361 1556 420 reperiri.
1625 358 1846 405 Interiora
1884 354 2004 404 fetus
2044 361 2187 418 prima
2218 358 2311 407 for-

262 436 402 488 mari,
437 436 480 480 &
504 422 745 492 superiora.
813 428 1093 476 Alimentum
1119 441 1195 484 per
1218 424 1407 469 venulas
1443 425 1486 469 ἃ
1517 423 1737 467 meatulos
1769 418 2004 473 resudare,
2054 422 2099 467 δε
2131 423 2183 468 in
2218 439 2312 470 car.

264 515 369 543 nem
399 497 512 557 cogi.
581 496 875 542 Lineamenta
910 491 1103 550 partium
1147 487 1347 546 corporis
1389 488 1529 545 prima
1562 483 1821 536 consistere,
1878 484 2039 529 deinde
2078 487 2309 539 colorem,

265 564 308 608 δι
331 561 543 607 duritiem
571 558 789 603 accedere.
858 556 1008 612 Caput
1035 554 1077 597 Sc
1099 552 1254 596 oculos
1281 548 1379 609 post
1405 564 1483 594 cor
1514 549 1654 608 gigni,
1688 547 1812 607 quod
1838 546 2029 593 humore
2065 548 2313 595 abundent.

265 627 438 670 Dentes
475 617 592 667 solos
632 632 847 679 perpetuo
889 614 1091 662 crescere.
1161 614 1217 659 In
1241 612 1398 659 multis
1431 611 1731 663 animalibus,
1784 613 1826 656 &
1856 608 2132 670 potissimum
2173 613 2314 658 rumi-

264 687 484 733 nantibus
503 719 515 737 ‚
561 686 689 742 plura
727 680 807 725 effe
847 677 948 723 vasa
974 678 1178 723 umbilici
1209 679 1250 722 ὃς
1283 674 1589 734 cotyledones.
1656 672 1872 732 Fiffipeda
1896 673 1988 720 fere
2011 691 2158 721 carere
2175 687 2317 722 aceta-

262 751 409 801 bulis,
446 761 694 804 venamque
726 741 932 789 umbilici
962 739 1063 801 iplis
1103 739 1374 800 singularem
1404 736 1500 784 else.
1575 734 1804 782 Infantem
1838 738 1886 783 in
1919 749 2053 783 utero
2077 739 2131 783 de
2153 755 2314 785 carun-

265 814 368 859 cula
406 810 562 870 sugere
595 824 690 852 non
717 809 835 851 recte
862 804 977 856 dici,
1014 804 1093 849 ubi
1127 815 1256 863 putes
1286 804 1671 848 HIPPOCRATEM
1697 801 1870 860 pungi:
1931 817 1983 846 eo
2021 802 2156 847 etiam
2182 803 2318 861 perti-

272 887 426 926 neant,
466 888 564 932 quae
586 865 648 915 de'
680 880 903 928 conceptu
921 868 1030 914 dicit
1062 884 1117 912 ex
1154 866 1463 926 penetratione
1493 864 1701 909 odorum.
1796 863 1979 911 Mulum
2021 862 2210 915 subinde
2246 881 2319 925 ge-

269 953 451 987 nerare,
486 938 527 980 ὃς
553 934 718 979 mulam
751 931 1013 990 concipere,
1045 947 1140 976 non
1166 942 1318 976 'tamen
1344 926 1570 988 perficere.
1639 928 1798 973 Ovum
1828 926 1888 972 est
1923 926 2053 986 cujus
2084 944 2185 987 pars
2222 929 2316 974 ani-

267 1002 354 1045 mal
389 998 481 1050 est,
518 1011 618 1057 pars
649 996 930 1041 alimentum.
1532 992 1537 997 ’

392 1095 489 1141 Lib.
516 1094 599 1140 ΙΙΙ.
647 1090 838 1139 Piscium
870 1107 1011 1138 ovum
1041 1090 1266 1137 unicolor.
1336 1089 1454 1134 Aves
1479 1103 1656 1147 rapaces
1684 1104 1831 1147 neque
1863 1086 2023 1134 salaces
2043 1085 2140 1141 effe,
2171 1104 2318 1148 neque

270 1159 559 1218 multiparas‚
595 1172 742 1216 neque
772 1171 982 1215 generare
1020 1171 1105 1200 ova
1134 1152 1454 1199 subventanea.
1549 1152 1654 1197 Ova
1692 1151 1858 1209 absque
1893 1153 2016 1196 coitu
2050 1152 2319 1211 gignuntur.

271 1223 368 1270 Ovi
402 1221 670 1266 membranae
696 1219 796 1264 duae
824 1253 836 1272 ‚
875 1221 917 1265 ὃς
953 1218 1214 1264 membrana
1240 1217 1384 1261 vitelli
1412 1217 1602 1274 propria.
1671 1214 2020 1259 lucubationem
2063 1215 2220 1260 diebus
2255 1229 2321 1262 te-

271 1285 387 1347 pidis
420 1286 603 1330 celerius
630 1280 798 1342 perfici.
867 1279 1060 1328 Piscium
1086 1296 1200 1330 ova3
1237 1296 1315 1339 pei·
1340 1279 1580 1324 intervalla
1605 1293 1630 1322 a
1656 1275 1822 1322 femina
1855 1278 1994 1336 poni;
2029 1294 2127 1323 non
2165 1277 2322 1325 fecun-

272 1349 337 1394 da*
359 1346 464 1400 effe,
501 1344 584 1392 nisi
605 1346 738 1391 maris
765 1343 916 1390 semen
946 1343 1245 1404 adspergatur.
1319 1342 1612 1388 Celerrimam
1637 1357 1733 1386 eam
1762 1339 1842 1385 effe
1861 1357 2086 1387 venerem.
2154 1343 2324 1402 Neque

261 1427 460 1458 corvum
487 1426 562 1455 ore
587 1410 730 1461 coire,
765 1425 913 1468 neque
937 1407 1169 1454 mustelam
1205 1422 1282 1466 per
1309 1422 1358 1451 os
1394 1421 1561 1465 parere.
1633 1406 1739 1450 Ova
1775 1402 1963 1463 piscium
2010 1406 2323 1466 cartilagineo-

269 1491 404 1527 rum,
442 1474 679 1525 mollium,
721 1472 908 1532 polypi,
942 1471 1128 1532 perinde
1151 1487 1176 1516 a
1206 1469 1403 1515 maribus
1436 1467 1652 1528 adspergi.
1737 1466 2017 1513 Insec‘torum
2051 1470 2280 1528 generatio
2306 1503 2318 1522 ‚

274 1535 550 1598 potiffimum
585 1552 733 1595 apum.
802 1536 948 1581 Fucos
974 1551 1070 1580 non
1101 1531 1181 1579 effe
1208 1548 1350 1578 mares
1377 1543 1431 1578 ut
1451 1532 1643 1577 inermes
1665 1564 1677 1583 ,
1713 1547 1816 1590 apes
1843 1547 1937 1576 non
1964 1529 2155 1579 feminas
2180 1547 2233 1579 ut
2251 1549 2318 1578 ar-

273 1613 430 1647 matas.
510 1600 735 1645 Generare
765 1615 870 1656 ergo
904 1614 1028 1658 reges
1060 1599 1102 1642 &
1124 1595 1166 1642 se
1198 1598 1238 1642 ἃ
1273 1612 1392 1654 apes.
1462 1595 1649 1641 Cellulae
1667 1594 1801 1654 regia:
1829 1610 1994 1653 paucae.
2061 1597 2206 1656 Reges
2228 1607 2326 1642 non

275 1663 513 1715 laborant,
546 1674 597 1708 ut
630 1662 911 1722 generationi
942 1659 1108 1722 poffint
1135 1675 1306 1705 vacare.
1374 1656 1544 1718 Vespas
1571 1659 1777 1704 matrices
1810 1658 1929 1703 inter
1970 1656 2012 1703 se
2043 1660 2163 1705 coire
2191 1658 2323 1705 visas.

274 1727 520 1773 Generatio
553 1726 874 1777 testaceorum,
912 1726 954 1770 ἃ
986 1724 1226 1770 vermium.
1299 1721 1459 1768 Ostrea
1488 1737 1583 1766 non
1608 1722 1816 1767 emittere
1843 1722 2036 1781 genitale
2072 1723 2209 1782 quid,
2247 1740 2332 1769 lie--

275 1806 361 1849 que
391 1806 499 1841 ova,
534 1806 632 1848 quae
660 1800 853 1841 vocant,
892 1805 943 1834 eo
980 1785 1136 1834 facere.
1207 1785 1396 1832 Initium
1431 1785 1634 1830 animalis
1662 1784 1722 1830 est
1747 1784 1797 1830 in
1830 1785 2085 1839 albumine,
2134 1787 2324 1833 alimen-

274 1865 372 1898 tum
400 1853 448 1898 in
474 1854 631 1899 vitello
667 1852 766 1910 (c).

405 1948 501 1995 Lib.
525 1950 607 1996 IV.
651 1947 757 2008 (sl).
827 1947 1013 1997 Refutat
1049 1951 1413 2000 ANAXAGORAE‚
1461 1947 1771 1994 Democm‘ri
1814 1948 1855 1992 8<
1897 1947 2234 1994 Emrenoctis
2271 1945 2326 1992 de

277 2013 566 2073 generatione
593 2013 848 2073 opiniones.
917 2014 1091 2059 Tamen
1136 2009 1189 2057 ad
1229 2013 1587 2058 EMPEDOCLEM
1632 2009 1774 2061 redit,
1823 2011 1865 2055 ἃ
1903 2008 2002 2055 fieri
2039 2009 2254 2056 feminam
2291 2008 2324 2056 fi
2383 2012 2388 2014 ’

279 2075 483 2122 materies
513 2076 570 2121 ob
606 2077 763 2124 caloris
791 2077 991 2136 inopiam
1030 2092 1125 2122 non
1154 2078 1269 2120 rec‘te
1298 2087 1505 2134 concreta
1532 2071 1694 2123 suerit,
1731 2087 2000 2132 argumento
2037 2071 2283 2133 spadonum
2311 2092 2323 2119 z

278 2141 321 2185 ὃ(
348 2141 462 2198 patri
483 2137 666 2185 fimilem
695 2139 793 2185 fieri
821 2156 897 2198 per
924 2141 1124 2186 eamdem
1150 2140 1372 2184 tuitionem
1398 2135 1557 2188 letum,
1592 2153 1679 2196 qua
1696 2152 1787 2182 mas
1804 2134 1852 2182 {it
1872 2170 1883 2188 ‚
1921 2135 2158 2196 superante
2175 2150 2321 2191 motu,

278 2214 379 2257 tum
406 2202 485 2261 qui
515 2219 539 2247 a
563 2219 681 2248 mare
709 2203 768 2248 est
795 2204 842 2249 in
870 2202 1162 2254 universum,
1205 2216 1302 2248 tum
1330 2203 1403 2259 qui
1433 2200 1716 2260 peculiariter
1755 2216 1778 2245 a
1805 2213 1957 2259 patre:
2020 2201 2152 2246 marri
2185 2218 2291 2246 vero
2312 2235 2325 2254 ‚

277 2261 311 2311 fi
346 2263 522 2324 superet
555 2266 741 2324 quidem
773 2281 924 2313 motus
967 2284 992 2312 a
1025 2282 1168 2315 mare.
1219 2281 1313 2310 non
1344 2263 1519 2323 superet
1562 2264 1639 2323 qui
1670 2280 1692 2308 a
1727 2264 1864 2321 patris
1911 2262 2111 2324 persona.
2181 2264 2326 2311 Testis

279 2327 428 2374 dextri
462 2329 752 2388 praerogativa
787 2343 837 2375 ut
867 2328 1085 2377 masculos
1120 2327 1265 2375 faciat.
1334 2327 1541 2374 Monstra
1571 2343 1623 2372 ex
1652 2326 1837 2373 homine
1875 2329 1917 2373 8<
1943 2328 2136 2373 animale
2173 2327 2327 2382 mista,

285 2391 476 2437 omnino
507 2390 602 2437 dari
627 2408 723 2437 non
752 2391 881 2452 posse.
950 2392 1094 2440 Causa
1122 2392 1454 2443 monstrorum,
1490 2390 1707 2451 proximis
1739 2389 1922 2437 fetubus
1962 2393 2003 2437 ἃ
2039 2392 2202 2438 vitellis
2228 2407 2329 2438 coa·

280 2452 563 2500 lescentibus.
630 2455 922 2516 Androgyni,
959 2456 1170 2502 homines
1198 2452 1476 2516 potiffimum
1515 2456 1555 2501 ἃ
1585 2470 1750 2514 caprae,
1801 2471 1901 2514 quae
1951 2453 2136 2501 hircinae
2169 2455 2328 2501 dicun-

282 2528 372 2579 tur.
439 2517 626 2576 Hepatis
664 2519 705 2563 &
738 2519 867 2565 lienis
902 2521 999 2567 loca
1027 2534 1309 2580 permutata3
1357 2520 1546 2565 alterum
1588 2531 1739 2564 tamen
1784 2519 1978 2578 genitale
2014 2517 2184 2578 semper
2227 2519 2327 2564 irrie

283 2592 381 2626 tum
408 2579 481 2626 est.
553 2581 641 2626 Alii
668 2583 856 2627 rariores
893 2586 1007 2629 circa
1040 2596 1185 2643 partes
1216 2584 1430 2641 genitales
1459 2598 1628 2628 errores
1651 2616 1662 2635 ,
1713 2584 1753 2627 Sc
1786 2583 1839 2626 de
1869 2581 2097 2628 Perinthia
2130 2579 2327 2635 femina,

282 2660 383 2703 quae
417 2660 494 2702 per
513 2641 701 2689 vesicam
727 2642 854 2690 fieces
885 2647 1123 2697 reddebat.
1158 2649 1321 2704 cuique
1354 2662 1466 2690 anus
1494 2644 1661 2690 incisus
1697 2647 1863 2690 iterum
1897 2646 2079 2691 coaluit.
2147 2646 2234 2691 Pro
2260 2644 2333 2691 su-

281 2704 594 2766 perfetatione‚
622 2704 897 2765 potiffimum
922 2711 1140 2768 leporum.
1210 2707 1525 2754 Hirundinum
1552 2709 1687 2767 pullis
1713 2710 1959 2769 prtepuncsti
1979 2707 2099 2754 oculi
2123 2710 2332 2755 convale-

280 2767 426 2815 scunt.
493 2770 668 2815 Iterum
696 2771 826 2815 molae
859 2775 1112 2832 exemplum
1142 2772 1237 2833 post
1272 2787 1360 2818 tres
1389 2787 1533 2816 annos
1568 2771 1769 2817 redditae.
1837 2774 1922 2819 Lac
1949 2773 2112 2832 quibus
2152 2773 2202 2818 in
2235 2773 2331 2820 ani-

281 2833 474 2879 malibus
501 2844 753 2894 generetur.
820 2834 968 2882 Prona
997 2837 1150 2884 omnia
1181 2835 1391 2884 animalia
1417 2847 1550 2896 partu
1576 2834 1674 2887 edi,
1709 2849 1939 2895 praeeunte
1962 2838 2122 2898 capite.

331 2957 396 3006 (c)
426 2956 470 3001 C.
506 2972 538 3002 1.

333 3010 400 3062 (d)
427 3010 528 3053 citat
547 3007 623 3064 fica
643 3013 891 3064 problemata.

2195 2900 2246 2951 L.
2264 2898 2326 2946 V.
