2556 3442
265 148 322 186 w
539 173 544 176 .
769 102 773 103 ⁷
1017 132 1588 196 PRAEFATIQ

265 294 441 358 effimt
481 297 803 382 argumenti
832 339 851 363 ‚
916 318 1048 355 cum
1091 297 1151 354 in
1187 296 1254 353 iis
1278 335 1296 361 ,
1349 314 1492 378 quos
1531 315 1651 354 non
1693 288 1852 364 vidi,
1895 289 2093 359 libellis
2141 294 2325 385 aliqua

263 414 661 504 poffint'utilia
687 419 856 479 latere
882 412 1238 502 posterisque
1263 409 1585 501 profutura.

442 664 594 740 Qae
633 657 702 722 de
743 662 927 721 anima
966 662 1198 746 ejusque
1238 653 1601 721 facultatibus
1646 657 1847 747 scripta
1880 658 2079 734 sunt‚'
2106 685 2167 723 ea
2212 685 2334 723 non

262 803 384 848 tota
410 781 742 871 repudiavi,
771 792 978 845 *tamen
1006 800 1070 843 ut
1107 785 1166 841 in
1205 784 1272 841 iis
1302 784 1526 867 parcior
1553 775 1753 855 effem,
1800 806 1986 871 neque
2025 787 2178 846 enim
2204 783 2334 846 infi-

133 912 143 928 ”
192 887 193 890 ¹
261 910 450 977 nitum
491 903 652 966 illum
692 899 1182 990 philosophorum
1221 910 1280 966 &
1318 901 1840 990 metaphysicorum
1879 909 2185 968 exercitum
2226 929 2331 993 pus

261 1031 376 1090 tavi
408 1026 546 1090 huic
562 1023 942 1088 Bibliothecae
967 1029 1119 1089 redte
1137 1021 1455 1087 immisceri.
1555 1026 1789 1103 peccavi
1814 1022 2001 1101 forte,
2041 1026 2203 1114 quod
2233 1026 2333 1090 ad-

259 1147 510 1212 miserim
542 1147 761 1235 aliqua3
819 1152 1047 1235 peccavi
1077 1146 1239 1235 quod
1266 1171 1386 1210 non
1419 1152 1645 1210 omnia:
1697 1147 2148 1212 mediocritatem
2179 1148 2348 1214 enim

259 1270 505 1358 aliquam
533 1268 787 1344 secutus,
833 1266 952 1333 fere
981 1295 1042 1334 ea
1065 1269 1354 1344 recensui,
1402 1295 1656 1359 quorum
1683 1269 1828 1334 mihi
1852 1276 2015 1358 copia
2042 1271 2206 1346 effer,
2235 1291 2332 1335 aut

257 1419 392 1483 quae
419 1392 672 1478 alioquin
701 1391 953 1481 publicas
981 1390 1173 1455 laudes
1201 1393 1548 1457 meruissem.
1656 1398 1722 1457 In
1758 1392 2026 1457 chemicis
2061 1381 2331 1482 praeverti

254 1516 531 1583 hactenus
583 1536 802 1603 partem
841 1513 1224 1580 Bibliothecae
1263 1516 1568 1586 ultimam,
1630 1515 1792 1604 quod
1844 1542 1905 1578 ea
1951 1522 2330 1605 experimenta

253 1663 376 1705 non
405 1643 697 1730 potuerim
729 1643 1027 1712 omittere,
1074 1663 1206 1726 quae
1244 1636 1463 1703 faciunt
1492 1638 1562 1703 ad
1590 1637 1866 1703 humores
1907 1640 2157 1703 animalis
2195 1664 2329 1703 cor-

253 1768 430 1852 poris.
542 1765 626 1826 Ita
668 1760 737 1825 de
777 1762 1105 1825 animalium
1144 1759 1385 1826 historia
1424 1762 1610 1851 aliqua
1651 1768 1897 1852 praemifi
1926 1810 1945 1838 ‚
2009 1768 2047 1827 si
2093 1761 2327 1850 quando

251 1883 324 1950 ad
352 1905 534 1974 partes
571 1886 855 1955 animalis,
910 1883 1051 1948 adve
1097 1891 1213 1969 ejus
1255 1882 1436 1959 fetus,
1487 1907 1744 1974 tempora
1783 1907 2017 1975 partUS,
2061 1886 2182 1965 lac,
2231 1906 2329 1948 aut

252 2006 528 2074 humores
552 2010 737 2096 aliqua
766 2008 924 2072 utilia
948 2005 1315 2072 docerentur.
1411 2012 1494 2072 Ita
1525 2010 1642 2081 fi'et,
1676 2030 1739 2072 ut
1765 2008 2003 2073 subinde
2031 2009 2216 2096 aliqua
2237 2031 2327 2070 re-

250 2150 550 2221 petantur:
601 2157 805 2196 verum
828 2130 889 2193 id
914 2135 1124 2194 vitium
1151 2135 1339 2194 minus
1364 2129 1674 2195 existimavi
1690 2179 1708 2206 ,
1765 2157 1938 2221 quam
1965 2128 2118 2196 foret
2142 2129 2327 2218 negli-

251 2259 442 2342 gentia
473 2252 855 2335 librorumad
886 2252 1310 2341 physiologiam
1338 2255 1586 2319 utilium.

428 2503 575 2567 Non
619 2507 879 2590 exiguam
918 2523 1138 2594 partem
1183 2502 1470 2568 librorum
1511 2501 1582 2567 ad
1618 2527 1741 2568 rem
1780 2506 2156 2566 anatomicam
2202 2496 2325 2586 spe-

251 2624 532 2688 &antium
568 2651 659 2689 me
692 2623 896 2713 fugisse
934 2632 1169 2692 minime
1197 2625 1486 2691 dissimulo
1509 2674 1525 2700 ‚
1570 2631 1668 2715 qui
1711 2623 1935 2688 dudum
1971 2617 2320 2710 conquestus

248 2749 351 2810 fim
388 2744 606 2812 demea
629 2770 975 2837 paupertate.
1072 2754 1139 2842 Iri
1183 2749 1325 2813 urbe
1351 2748 1609 2816 modica,
1660 2744 1963 2813 destitutus
1999 2740 2326 2809 Bibliothe-

248 2890 446 2952 carum
486 2869 850 2958 publicarum
880 2874 1127 2949 auxili0‚
1172 2877 1270 2939 vix
1308 2870 1487 2938 habui
1519 2890 1731 2960 praeter
1768 2896 1986 2941 meam,
2037 2893 2160 2933 non
2202 2891 2326 2930 am-

2149 2987 2325 3080 plissi-
