2556 3442
332 153 423 204 182
472 141 477 144 ·
603 145 742 195 1111.
784 132 876 195 ιν.
942 135 1599 192 RrsrAURATOREs
1645 135 2093 188 ANATo-MES.

331 289 503 322 cornua
530 274 710 322 minora
737 269 842 319 offis
877 269 1066 332 hyoidei
1105 270 1279 331 primus
1315 266 1536 314 delineata
1573 263 1712 312 dedit.
1767 253 1962 312 *Mireris
1996 277 2052 312 ut
2087 265 2271 314 minuta
2307 285 2384 316 va.

333 337 454 386 scula
471 372 484 391 ‚
521 355 600 399 per
624 335 839 385 obscuros
866 336 1042 383 canales
1069 333 1210 381 cranii
1234 332 1414 386 euntia,
1448 329 1584 392 sagax
1610 328 1906 391 indagaverit.
1973 326 2243 386 Tranfitum.
2258 332 2386 393 muci·

331 419 388 448 ex
412 401 596 448 cerebro
619 401 676 448 ad
701 416 833 448 nares
857 399 1027 461 rejecit.
1325 406 1328 407 ’

433 499 515 555 ¹In
535 498 650 545 libro
669 498 727 544 II.
754 495 982 543 musculos
1009 491 1216 551 tradidit,
1254 488 1481 550 descripsit
1508 489 1760 537 accuratius
1790 505 1868 550 per
1894 485 2081 550 singula,
2111 505 2247 551 quam
2277 502 2385 538 ante

337 578 468 616 eum,
506 564 548 609 &
572 561 669 622 post
684 577 804 614 eum,
831 559 887 605 ad
909 558 1273 604 WlNSLOWUM
1304 551 1444 613 usque
1476 552 1727 613 quisquam.
1795 554 2018 613 Depinxit
2040 552 2216 601 torosos
2241 556 2284 600 &
2311 571 2385 600 ro-

330 625 486 672 bustos
515 624 766 676 musculos,
802 620 1018 668 minutias
1044 619 1210 665 iterum
1243 632 1338 662 non
1361 616 1422 662 est
1455 614 1659 670 secutus,
1694 629 1748 663 ut
1785 617 1835 663 in
1865 618 2104 663 oculorum
2136 617 2211 676 (b)
2248 619 2291 664 &
2321 615 2384 664 fa.

332 690 442 743 ciei,
478 701 618 748 atque
642 687 838 746 laryngis
867 681 1081 731 musculis
1117 696 1214 726 non
1244 679 1405 725 debeat
1431 678 1606 731 audiri,
1654 695 1726 725 eas
1765 681 1886 725 enim
1921 681 2160 740 particulas
2202 678 2295 726 fere
2329 696 2385 726 ex

333 752 606 800 animalibus
630 749 859 797 sumserat.
928 746 1113 793 Invenit
1152 757 1329 788 nonum
1366 741 1527 801 pedem
1562 743 1874 794 moventium,
1910 743 2028 790 vidit
2061 742 2387 804 hyocpiglotti-

332 815 454 863 deos.
524 816 801 874 Ligamenta,
834 808 926 855 fere
945 809 1117 868 primus
1134 840 1148 859 ,
1183 805 1354 863 ubique
1374 802 1587 850 musculis
1606 803 1794 850 addidit.
1862 805 2101 852 Simiarum
2126 808 2177 853 in
2205 809 2385 867 peciore

277 917 281 920 »
331 878 558 925 musculos
583 875 762 936 rejecit,
798 872 967 931 quibus
993 869 1203 915 homines
1220 878 1386 914 carent.
1454 867 1714 913 Pediineum
1747 867 1934 912 minime
1960 869 2203 928 ignoravit,
2236 886 2385 931 neque

331 940 593 988 fasciculum
628 955 654 984 a
674 935 927 996 sphincstere
957 935 1032 980 3111
1062 934 1112 978 111
1139 944 1286 978 cutem
1316 941 1526 984 euntem,
1563 942 1642 976 aut
1668 946 1820 977 veram
1847 931 2069 989 originem
2093 931 2290 979 musculi
2312 949 2387 978 00-

331 1001 638 1062 racohyoidei.
704 999 962 1047 Tendinem
995 996 1192 1056 bicipitis
1225 997 1276 1040 in
1305 992 1482 1041 summo
1509 1011 1620 1040 cavo
1649 993 1886 1055 glenoideo
1916 991 2106 1054 scapulae
2132 995 2264 1049 vidit,
2303 1011 2389 1042 no-

331 1080 455 1114 tante
478 1066 766 1113 PORTALIO.
830 1061 1088 1110 Tcndinem
1117 1057 1310 1106 musculi
1333 1061 1382 1104 in
1405 1055 1674 1104 universum
1697 1059 1879 1103 monuit
1895 1091 1908 1111 ,
1939 1073 2036 1103 non
2055 1055 2136 1104 effe
2159 1075 2185 1104 a
2201 1074 2369 1106 1101110-

458 1162 513 1208 In
546 1161 664 1207 libro
687 1159 770 1206 III.
804 1159 848 1205 &
871 1157 957 1204 IV.
994 1153 1098 1204 vasa
1134 1157 1176 1203 &
1211 1170 1376 1201 nervos
1407 1153 1545 1199 dedit.
1629 1153 1685 1199 In
1721 1154 1891 1199 neutris
1927 1169 2039 1206 033,
2066 1170 2176 1212 quas
2201 1154 2252 1200 in
2287 1169 2387 1201 mu-

331 1225 490 1279 sculis,
527 1222 679 1271 laudes
711 1221 772 1268 est
795 1219 1056 1273 adsecutus,
1096 1235 1243 1279 neque
1271 1218 1395 1264 enim
1423 1227 1601 1277 poterat
1618 1226 1774 1262 tantus
1795 1232 1945 1262 rerum
1964 1216 2175 1262 tenuium
2191 1217 2388 1265 ambitus

330 1291 452 1337 intra
480 1303 647 1350 paucos
672 1300 845 1339 annos,
881 1286 1014 1331 etiam
1038 1300 1063 1329 a
1088 1284 1132 1329 V
1137 1296 1312 1330 fisano
1331 1315 1342 1334 ,
1381 1278 1582 1341 perspici.
1670 1283 1825 1336 Quare
1856 1277 2012 1339 paflim
2049 1278 2123 1326 hic
2150 1296 2255 1326 cum
2288 1281 2390 1327 GA-

333 1367 470 1402 LENO
503 1363 646 1403 errat,
682 1365 799 1411 quos
827 1346 972 1409 lapsus
1000 1363 1098 1393 non
1123 1346 1184 1393 est
1212 1343 1380 1391 neceffe
1410 1356 1621 1404 repetere.
1692 1346 1923 1400 Quartum
1949 1355 2103 1389 tamen
2140 1359 2389 1390 nervorum

332 1433 411 1478 par
440 1416 639 1466 viderat,
675 1411 753 1460 etfi
787 1428 884 1459 non
909 1410 1121 1458 sustinuit
1149 1410 1331 1470 proprio
1364 1424 1467 1454 cum
1498 1407 1685 1453 nomine
1719 1405 1947 1466 separare:
1995 1405 2141 1453 finum
2172 1408 2389 1466 quintum

332 1482 457 1527 duras
501 1479 772 1525 membrana:
812 1477 1005 1523 invenit.
1073 1474 1296 1520 Arteriam
1332 1471 1413 1517 sub
1459 1472 1629 1517 calamo
1670 1471 1866 1522 micare,
1913 1483 2074 1516 contra
2113 1471 2382 1518 GALENUM.

332 1544 530 1590 Arterias
562 1558 666 1589 011111
691 1540 821 1587 venis
855 1538 1219 1586 communicare:
1265 1534 1447 1582 senibus
1477 1550 1547 1580 eas
1577 1535 1627 1579 in
1665 1534 1947 1593 cartilagines
1984 1534 2116 1580 verti.
2207 1535 2388 1581 Venam

332 1606 424 1654 11110
448 1623 552 1668 pare
584 1607 706 1652 intra
736 1603 1032 1664 pericardium
1069 1617 1167 1647 non
1203 1599 1380 1660 aperiri.
1446 1596 1727 1644 Emiffarium
1768 1597 1908 1650 dixit,
1949 1614 2051 1644 cum
2085 1614 2212 1644 ramo
2253 1598 2388 1645 tertio

335 1671 503 1728 Quinti
527 1670 579 1715 de
612 1670 767 1715 cranio
793 1683 978 1713 exeuns.
1050 1666 1286 1716 Nervum,
1324 1661 1402 1722 qui
1442 1661 1609 1707 dicitur
1646 1661 1870 1714 decimus,
1904 1663 2128 1720 pertinere
2165 1661 2220 1707 ad
2244 1660 2390 1722 spina-

335 1737 399 1781 103
424 1734 619 1780 monuit.
693 1731 915 1790 Quinque
942 1730 1072 1777 nervi
1096 1726 1331 1774 brachialis
1360 1738 1549 1772 truncos
1571 1722 1823 1777 recensuit,
1858 1723 2013 1771 omiffo
2045 1726 2286 1772 articulari.

462 1829 600 1876 Libro
631 1828 692 1873 V.
732 1828 971 1874 Abdomen
995 1825 1163 1878 tradit,
1200 1824 1386 1884 ejusque
1409 1819 1601 1873 viscera,
1652 1837 1756 1867 cum
1786 1819 2070 1881 singulorum
2104 1819 2215 1875 fitu,
2264 1817 2400 1870 nexfl

335 1893 487 1947 vari0,
527 1895 569 1940 &
602 1893 748 1938 100110.
818 1889 974 1938 Multa
1000 1888 1074 1935 hic
1108 1889 1255 1940 bona,
1292 1903 1389 1932 non
1420 1886 1511 1938 ita,
1548 1898 1649 1944 quae
1676 1884 1730 1930 de
1753 1885 1940 1931 renibus
1967 1887 2010 1932 &
2043 1886 2285 1932 mulierum
2314 1886 2385 1944 (c)

335 1958 539 2020 partibus
564 1954 835 2017 genitalibus
863 1952 1058 2015 profert,
1099 1969 1198 2012 quae
1230 1953 1270 1997 &
1294 1948 1386 2010 ipsa
1420 1966 1473 1994 ex
1492 1949 1637 1994 brutis
1658 1946 1748 1993 fere
1776 1947 1930 1995 sumsit
1954 1949 2238 1995 animalibus.
2308 1950 2382 1995 Li-

338 2032 600 2083 gamentum
627 2020 755 2079 penis
779 2016 1112 2078 suspensorium
1144 2027 1223 2062 aut
1260 2013 1466 2065 invenit,
1500 2024 1578 2058 aut
1600 2010 1796 2071 perfecit.
1867 2014 2187 2072 Ligamentum
2212 2011 2388 2072 conspi-

337 2101 472 2131 cuum
506 2083 593 2129 coli
626 2082 868 2128 delineavit
889 2115 900 2135 ,
938 2096 1186 2139 verumque
1219 2078 1402 2125 laxioris
1432 2075 1634 2121 intestini
1663 2075 1862 2121 dudium.
1931 2075 2067 2136 Jecur
2109 2074 2304 2121 solidum
2343 2078 2388 2122 Sc

337 2151 504 2207 absque
534 2146 646 2192 iobis
676 2144 756 2191 esse
786 2146 996 2197 monuit,
1038 2146 1079 2190 &
1106 2144 1255 2189 bullas
1273 2156 1388 2200 aqua
1413 2141 1564 2199 plenas
1600 2138 1742 2191 vidit,
1778 2155 1878 2198 quae
1917 2139 2069 2185 nostro
2110 2155 2208 2185 aevo
2243 2137 2390 2186 solent

337 2210 571 2271 hydatides
610 2210 776 2255 vocari.
867 2208 1111 2256 Prostatam
1145 2205 1439 2256 muliebrem,
1487 2203 1529 2247 &
1566 2201 1751 2248 ductum
1794 2218 1819 2247 a
1850 2201 2035 2249 testibus
2075 2205 2124 2249 in
2169 2203 2388 2249 cervicem

337 2275 454 2322 uteri
481 2284 702 2319 meantem
728 2270 956 2319 refutavit.
1038 2271 1188 2318 Habet
1230 2270 1368 2316 etiam
1403 2266 1668 2326 appendices
1706 2267 1946 2326 epiploicas
1981 2267 2092 2319 coli,
2128 2268 2170 2313 &
2197 2267 2388 2327 glandu-

337 2341 401 2385 las
439 2336 751 2396 oesophageas,
783 2338 824 2382 &
852 2334 1066 2383 vesiculas
1108 2333 1266 2381 ovarii.
1356 2332 1497 2376 Bilem
1535 2330 1723 2389 perenni
1762 2332 1861 2375 rivo
1900 2347 1979 2390 per
2013 2330 2200 2376 duiium
2240 2329 2389 2376 chole-

339 2400 535 2448 dochum
562 2403 610 2445 in
642 2399 904 2446 intestinum
940 2401 1107 2446 venire.
1177 2399 1329 2456 Hepar
1370 2392 1555 2453 fimplex
1588 2392 1683 2439 effe.
1750 2393 1893 2440 Fibrae
1936 2395 2080 2440 lienis.
2161 2392 2391 2440 Veficulas

337 2464 568 2512 seminales
597 2462 670 2508 hic
701 2464 742 2508 &
767 2464 815 2508 in
838 2467 1029 2510 examine
1057 2459 1153 2522 obffi
1181 2462 1329 2507 FALI..
1356 2458 1484 2504 dixit.
1552 2456 1801 2504 Prostatam
1826 2458 2008 2504 unicam
2037 2456 2158 2505 facit.
2237 2458 2389 2503 Habet

338 2528 515 2590 septum
547 2527 714 2573 tunieae
740 2527 959 2587 vaginalis
981 2526 1138 2579 testes,
1175 2524 1381 2571 lobulum
1412 2523 1652 2569 SPIGELn.

466 2624 600 2671 Liber
624 2623 706 2668 VI.
738 2621 799 2668 est
824 2622 877 2668 de
902 2624 1106 2682 peciore,
1144 2619 1307 2673 corde,
1346 2621 1585 2680 pulmone,
1625 2616 1916 2670 mediastino,
1962 2610 2036 2663 hic
2070 2617 2266 2676 primum
2308 2634 2389 2677 pro

340 2689 561 2750 dignitate
589 2686 722 2732 dicto.
792 2686 965 2731 Verum
990 2683 1123 2731 situm
1147 2684 1294 2730 cordis
1322 2685 1569 2730 VEsArlus
1592 2681 1814 2733 restituit,
1852 2682 1893 2725 &
1913 2678 2086 2739 septum
2115 2680 2388 2740 impervium

340 2752 568 2803 defendit,
602 2751 641 2796 8<
670 2747 900 2809 sanguinis
931 2766 985 2794 ex
1010 2764 1228 2794 venarum
1259 2749 1391 2792 ramis
1418 2747 1467 2791 in
1490 2760 1705 2792 truncum
1729 2741 1950 2802 relapsum
1977 2743 2158 2796 docuit,
2192 2760 2287 2790 non
2310 2745 2390 2792 ob-

339 2817 522 2864 scurum
557 2813 773 2873 circuitus
813 2811 1046 2874 sanguinis
1088 2813 1421 2862 rudimentum,
1502 2806 1782 2856 Eminentias
1815 2807 1936 2852 intra
1969 2823 2188 2854 venarum
2225 2824 2390 2867 corpus

2255 2872 2387 2925 dixit,

397 2975 460 3025 (b)
492 2976 595 3017 Rad.
634 2974 741 3015 Chin.
774 2986 812 3023 p.
843 2983 923 3022 157*
986 2970 1095 3011 conf.
1132 2984 1252 3011 exam.
1284 2969 1361 3012 obs.
1395 2967 1575 3011 Fauor.
1608 2980 1643 3017 p.
1668 2971 1754 3008 126.

393 3031 453 3078 (c)
482 3030 652 3068 ARANT.
686 3023 771 3079 olgffi
800 3039 834 3075 p.
866 3039 947 3072 104.
1006 3024 1159 3063 Fatetur
1184 3025 1392 3062 Vestimus
1419 3035 1501 3059 raro
1529 3021 1565 3060 se
1588 3032 1737 3060 uterum
1763 3017 1962 3070 gravidum
1976 3017 2148 3060 incidiffe
2169 3020 2254 3059 rad.
2277 3018 2383 3063 Chin.

498 3094 535 3132 p,
561 3092 650 3132 207.
682 3081 718 3120 ὃ(
739 3079 908 3119 necdum
929 3077 1107 3126 secuisse,
1139 3090 1226 3118 cum
1253 3089 1349 3127 opus
1379 3074 1487 3115 suum
1509 3073 1638 3115 ederet
1660 3074 1800 3119 Exam,
1825 3070 1897 3124 obs?
1929 3083 1968 3121 p,
1993 3085 2080 3123 154,
