2556 3442
261 141 357 198 782
707 136 841 184 LIB.
901 139 1022 186 VII.
1089 134 1465 185 ANATOME
1517 137 1867 186 HUMANA.

264 252 401 300 etiam
418 250 684 314 sanguinem
715 251 771 298 de
790 268 907 299 vena
929 251 1122 309 missum,
1158 252 1328 315 adje&a
1356 252 1674 300 cantharidum
1700 255 1900 301 tinctura
1919 255 2099 316 liquari.
2168 258 2318 308 Adio-

261 333 366 364 nem
390 316 553 363 horum
582 315 876 364 veficantium
901 334 979 378 per
1005 319 1099 365 vim
1125 317 1292 364 stimuli
1317 321 1655 378 interpretatur.
1741 320 1928 365 Venena
1956 321 2079 367 varia
2110 321 2162 367 in
2186 324 2318 371 vivo-

260 397 363 428 rum
387 383 650 427 animalium
677 380 941 442 sanguinem
969 383 1141 444 injecit.
1213 382 1355 429 Valde
1383 394 1501 428 certe
1526 382 1824 443 improbabile
1849 383 2030 430 videtur
2047 419 2060 438 ‚
2097 385 2318 447 eaniespi-

258 446 399 491 ritum
425 446 524 492 vini
547 444 853 494 redtificatum·
875 461 971 493 non
999 444 1210 493 nocuisse.
1292 447 1474 493 Nervos
1503 447 1637 493 etiam
1666 448 1814 494 ociavi
1842 448 1961 508 paris
1988 447 2203 504 abscidit,
2239 452 2318 498 lie-

259 525 364 555 nem
393 508 582 563 evulsit,
617 511 824 557 arteriam
849 513 1116 558 uretericam
1141 511 1290 563 vidit3
1330 511 1471 557 bonas
1500 512 1551 557 in
1580 528 1700 557 ranae
1731 510 1844 559 vasis
1884 510 2023 559 saetas
2060 514 2317 562 adnotatio-

256 588 339 621 nes
365 574 658 622 MALPIGHJI
682 575 838 622 recudi
864 574 987 629 fecit,
1017 573 1173 621 omifl'o
1204 578 1357 636 magni
1382 576 1470 637 viri
1494 576 1697 627 nomine.
2303 601 2309 605 ⁸

386 656 563 704 Prodiit
597 658 732 704 etiarn
773 674 887 717 opus
917 657 971 702 de
1001 656 1130 716 praxi
1156 655 1328 703 medica
1361 656 1485 703 Leid.
1510 669 1645 714 1700.
1679 665 1721 713 8.
1757 658 1902 706 Lond.
1934 671 2068 719 1709.
2099 664 2145 715 8.
2184 660 2317 722 Lyon

260 724 395 777 1699.
422 727 463 776 8.
505 734 642 780 1703.
667 728 708 776 8.
749 721 873 768 Leid.
899 732 1033 778 1704.
1059 726 1102 773 8.

386 804 437 851 L.
456 803 516 860 ΙΙ.
549 801 600 850 de
607 807 748 866 praxi
769 802 932 848 medica
960 798 1019 856 ἓξ
1040 800 1092 847 de
1117 800 1355 848 tarantulis
1390 798 1486 856 &a
1556 801 1828 850 Germanice
1859 806 1999 853 vertit
2024 824 2121 854 non
2159 824 2312 863 nemo,

255 869 299 918 &
324 867 517 916 Lubecae
542 880 676 926 1705.
698 873 738 922 8.
775 863 892 926 Lips.
914 871 1049 923 1718.
1078 871 1120 918 8.
1146 864 1301 912 edidit.
1371 865 1584 912 Redeunt
1614 864 1712 912 haec
1743 867 1793 913 in
1827 871 2020 930 operibus
2043 872 2246 929 omnibus.

308 956 311 960 ’
381 951 458 1012 EJ.
495 948 547 996 de
561 949 682 1012 fibra
704 952 880 995 motrice
910 945 970 1003 ἓξ
997 946 1216 1006 morbosa,
1251 963 1327 994 nec
1354 963 1438 993 non
1467 946 1518 993 de
1548 953 1844 1008 expsrimentis
1869 967 1919 997 ac
1949 952 2105 998 morbis
2129 953 2277 1010 salivae
2297 988 2310 1008 ,

251 1013 376 1069 bilis,
412 1031 462 1061 ac
474 1014 726 1075 fimguinis:
763 1011 815 1058 de
838 1011 1118 1059 circulatione
1129 1011 1354 1074 fimguiuis
1393 1016 1436 1057 in
1462 1012 1666 1072 testudine
1685 1047 1698 1066 ‚
1735 1013 1999 1075 ejusdemque
2031 1016 2171 1062 cordis
2210 1034 2314 1064 ana-

248 1091 360 1127 tome
393 1077 579 1125 Perusiae
608 1090 744 1135 1700.
766 1074 845 1135 4*
884 1076 1046 1122 Romae
1072 1087 1207 1134 1702.
1228 1089 1273 1135 4.
1312 1075 1436 1123 Leid.
1460 1087 1593 1133 1703.
1624 1083 1666 1131 8.
1719 1078 1864 1124 Lond.
1888 1091 2023 1137 1703.
2055 1085 2097 1133 8.
2137 1079 2313 1129 Basileae

252 1154 390 1201 1703.
418 1149 459 1196 8.
490 1144 703 1190 SCHULZ.
771 1140 937 1201 Aliqua
960 1139 1014 1186 de
1044 1138 1172 1187 fibris
1202 1139 1560 1193 muscularibus,
1596 1158 1789 1201 quarum
1812 1143 1929 1190 vires
1963 1156 2094 1203 putat
2128 1144 2311 1205 augeri,

249 1206 359 1253 dum
387 1207 502 1252 circa
542 1206 752 1267 globulos
783 1203 1018 1266 sanguinis
1056 1205 1499 1252 circumvolvuntur.
1576 1207 1765 1252 Tonum
1800 1209 2053 1253 naturalem
2092 1206 2315 1255 fibrarum

248 1269 460 1317 describit
506 1272 547 1317 &
592 1268 778 1316 senilem
813 1272 1025 1330 rigorem.
1097 1269 1224 1316 Vitia
1258 1270 1412 1315 nimiae
1450 1271 1777 1316 contractionis
1809 1273 2009 1332 exponit.
2079 1271 2234 1319 fibras
2261 1274 2314 1320 in

244 1335 382 1382 variis
409 1334 667 1395 liquoribus
696 1334 953 1381 maceravit.
1022 1334 1186 1381 Cordis
1222 1336 1262 1381 &
1290 1334 1413 1380 durae
1441 1334 1716 1380 membranae
1745 1335 1864 1393 vires
1894 1348 2155 1397 comparat3
2193 1337 2313 1384 &al-

246 1411 421 1446 ternam
454 1400 601 1446 cordis
631 1416 734 1446 cum
756 1415 806 1446 ea
835 1398 1050 1460 meninge
1078 1398 1343 1458 potestatem
1373 1398 1634 1452 constituit,
1669 1412 1723 1446 ut
1753 1400 1866 1447 dura
1897 1413 2042 1447 mater
2066 1399 2312 1462 compresso

244 1464 426 1510 cerebro
453 1464 580 1511 cordi
606 1462 790 1524 spiritus
821 1463 987 1510 mittat.
1056 1463 1236 1510 Habere
1254 1461 1390 1510 fibras
1417 1464 1573 1524 longas·
1591 1461 1707 1517 suas,
1737 1463 2067 1511 &transversas
2084 1499 2096 1518 ‚
2127 1482 2228 1526 quae
2244 1465 2311 1512 di-

244 1528 510 1574 latationem
542 1529 819 1589 impediant:
861 1527 995 1581 huic,
1033 1525 1316 1589 (Meningi)
1351 1529 1400 1574 in
1426 1544 1584 1574 omnes
1607 1541 1753 1588 partes
1787 1531 1975 1575 animati
2001 1532 2202 1589 corporis
2227 1530 2313 1576 im-

241 1593 416 1651 perium
434 1592 625 1647 tribuit,
661 1594 848 1654 vimque
878 1592 1190 1639 contradiilem
1209 1626 1222 1646 ,
1259 1605 1314 1639 ut
1340 1590 1393 1639 sit
1425 1593 1651 1653 praecipua
1679 1591 1811 1640 causa
1838 1608 1992 1640 motus
2022 1594 2071 1639 in
2096 1593 2308 1642 animale.

239 1656 312 1702 De
337 1654 570 1718 sanguinis
600 1670 732 1705 motu
755 1660 797 1704 &
824 1657 1019 1704 circuitu
1044 1673 1100 1704 ex
1119 1657 1295 1704 viribus
1319 1654 1587 1703 solidorum.
1658 1657 1731 1704 De
1753 1656 1920 1703 horum
1941 1675 1965 1703 3
1991 1657 2173 1704 stimulo
2197 1674 2307 1705 con-

239 1721 475 1768 trastione.
550 1720 816 1770 Musculum
847 1734 1092 1769 eutaneum
1121 1720 1327 1782 hystricis
1357 1719 1600 1783 descripsit.
1670 1722 1879 1769 Erinacei
1904 1719 2161 1769 musculum
2186 1734 2311 1770 cuta-

236 1797 376 1832 neum
398 1785 445 1832 in
479 1786 643 1834 bulbos
675 1788 874 1848 pilorum
900 1788 1171 1848 propagines
1203 1785 1322 1833 dare.

365 1868 525 1916 Salivae
552 1868 644 1916 fere
667 1867 928 1931 putrefad’tae
964 1867 1167 1929 analysin
1191 1867 1331 1916 dedit.

362 1951 469 2000 Bilis
498 1951 722 2013 analyfin,
758 1964 858 2000 tum
882 1952 988 2013 igne
1017 1949 1221 2013 subjecto
1242 1987 1252 1996 .
1291 1962 1391 1997 tum
1410 1950 1548 1997 variis
1571 1950 1826 2011 liquoribus
1853 1948 2032 1998 adfufis.
2099 1952 2309 2000 Multum

232 2012 368 2062 inesse
391 2017 533 2064 alcali.
603 2017 927 2079 Experimenta
950 2015 1028 2063 sua
1053 2014 1159 2063 fecit
1186 2016 1235 2062 in
1256 2015 1346 2062 bile
1371 2016 1566 2076 putrida.

363 2099 433 2144 De
464 2096 774 2159 respiratione.
847 2100 959 2147 Non
990 2098 1105 2145 bene
1138 2108 1269 2158 putat
1296 2098 1467 2144 irruere
1503 2098 1551 2144 in
1583 2100 1739 2159 pedius
1770 2102 1947 2149 aerem,
1986 2107 2085 2143 tum
2122 2096 2307 2145 demum

232 2158 465 2210 thoracem
504 2163 705 2218 dilatari,
738 2163 1008 2225 sanguinem
1040 2162 1272 2223 torpidum
1306 2161 1363 2208 ab
1388 2169 1489 2209 aere
1519 2163 1687 2224 urgeri.
1758 2162 1843 2208 Pro
1871 2162 1993 2207 lunae
2023 2160 2219 2208 influxu.

362 2245 457 2293 Cor
476 2246 740 2300 testudinis3
767 2247 863 2307 ejus
879 2258 968 2292 tres
981 2245 1265 2292 ventriculos
1280 2244 1538 2304 conjunctis
1554 2245 1729 2291 viribus
1751 2241 2018 2304 sanguinem
2034 2244 2303 2304 propellere.

360 2327 432 2375 Ad
455 2326 687 2438 spnguinis
711 2345 816 2377 cum
840 2327 977 2383 variis
1009 2323 1176 2375 adfufis
1210 2326 1466 2388 liquoribus
1489 2325 1807 2388 phaenomena.
1878 2325 1997 2373 Cum
2022 2323 2183 2388 spiritu
2209 2342 2306 2374 cor-

230 2403 298 2439 nu
323 2407 446 2439 cervr
491 2409 656 2442 ervere.

359 2473 532 2521 Iterum
560 2476 709 2536 aliqua
733 2475 1039 2538 experimenta
1067 2473 1305 2523 infusoria.

359 2556 437 2618 EJ.
476 2556 555 2604 Ad
576 2558 735 2604 retsi‘um
747 2561 919 2618 statices
951 2558 1071 2617 usum
1100 2574 1279 2605 canones
1314 2557 1447 2604 Rom.
1469 2568 1606 2617 1704.
1628 2566 1699 2605 12.
1739 2573 1844 2605 cum
1880 2557 2203 2607 SANCTORIO.

354 2638 430 2700 EJ.
477 2637 796 2701 Diffivrcrtiones
824 2645 944 2686 varii
967 2645 1211 2701 argumenti
1238 2639 1293 2686 ad
1323 2644 1502 2687 Petrum
1528 2641 1765 2687 HOTTON
1801 2676 1812 2686 .
1851 2676 1861 2687 .
1900 2675 1910 2686 .
1957 2652 2092 2696 1710.
2121 2644 2164 2692 8.
2223 2634 2300 2684 Inss·

227 2712 297 2750 ter
328 2719 401 2749 eas
434 2703 495 2750 est
524 2705 578 2750 de
608 2717 737 2752 motu
766 2703 989 2765 systaltico
1022 2705 1147 2751 durae
1168 2704 1442 2751 membranae
1471 2705 1675 2751 cerebri:
1715 2704 1881 2751 deinde
1904 2703 1956 2750 de
1978 2701 2230 2750 solidorum
2249 2699 2300 2747 ’111

226 2765 367 2815 fluida
396 2768 626 2828 potestate.

310 2838 316 2843 ’
355 2851 426 2899 De
443 2851 658 2899 circuitus
683 2848 916 2911 sanguinis
939 2851 1146 2926 analogia
1169 2867 1275 2897 cum
1295 2868 1422 2912 aquae
1447 2851 1634 2897 marinae
1649 2868 1725 2912 per
1743 2846 2062 2897 terrae,viscera
2080 2846 2292 2894 circuitu.

354 2931 532 2993 EJUSD.
586 2937 726 2995 Opera
765 2936 907 2979 omnia
947 2929 1130 2978 medico·
1150 2921 1345 2993 prasini}
1374 2932 1432 2990 ἐξ
1458 2938 1696 2980 anatomica
1733 2933 1864 2991 Lyon
1885 2942 2005 2988 1704
2039 2941 2083 2989 4.
2114 2930 2295 2977 TREW.

230 3006 363 3053 1710.
393 3009 437 3054 4.
471 2998 597 3045 ΧἈΤ.
653 3010 789 3059 1715.
821 2994 905 3058 4*
950 2997 1190 3057 Antwerp.
1230 3032 1241 3047 .
1277 3033 1288 3047 .
1327 3032 1340 3047 .
1373 3033 1385 3047 .
1437 2998 1602 3060 Leydae
1629 3007 1766 3057 1744.
1799 3006 1851 3054 4.-
1884 2993 2215 3055 Baffani1737-
2250 3004 2297 3051 4·

207 3055 391 3117 Nenet.
425 3073 561 3122 1754.
589 3074 635 3123 4.
2174 3058 2297 3108 Nea·
