2556 3442
639 131 687 192 ἕ.
724 146 834 198 705.
867 139 977 196 706.
1044 131 1379 183 ALEXIUS
1431 128 1728 185 LITTRE.
2105 143 2218 195 751.
2269 165 2274 167 .

271 265 401 314 Alius
425 263 595 327 absque
625 266 750 328 galea
776 265 946 319 cranii,
982 264 1164 313 cerebro
1193 265 1236 311 ὃς
1259 259 1422 324 spinali
1450 265 1660 312 medulla.

267 351 323 397 In
353 354 579 397 Comment.
603 364 726 396 anno
754 358 890 407 1702.
927 347 1212 394 membranas
1239 356 1330 392 tres
1359 341 1480 390 fetus
1506 346 1716 395 ostendit.

273 430 539 492 AEthiopum
561 429 643 477 sub
665 427 939 490 epidermide
962 428 1206 475 reticulum
1228 426 1415 488 nigrum
1445 442 1543 473 non
1572 426 1653 473 effe
1680 427 1917 477 mucosum
1931 462 1951 486 ,⁴
1980 442 2127 491 neque
2149 426 2203 476 in

143 511 258 558 aqua
282 496 531 557 quidquam
557 494 611 540 de
636 510 690 540 eo
715 490 851 538 solvi.
2065 510 2068 511 ν

273 576 589 627 Memorabilis
617 572 805 620 historia
825 570 977 623 sceleti
997 571 1118 621 fetus
1141 573 1192 620 in
1226 561 1338 622 tuba
1364 574 1542 635 reperti.

273 658 515 707 Glandulae
541 656 662 702 renis
687 653 895 702 humani.

267 744 405 789 Anno
436 750 569 797 1703.
601 738 734 784 bonae
756 736 954 784 historiae
978 723 1181 799 corporis
1204 739 1333 793 lutei,
1364 739 1413 786 in
1440 735 1623 785 feminis
1645 734 1726 785 visi
1755 718 1940 786 &·0avi.

273 823 412 870 Anno
440 832 575 880 1704.
605 820 658 866 de
681 819 848 867 femina
871 820 994 867 tubis
1018 822 1171 874 caecis,
1209 837 1314 868 cum
1341 822 1411 868 bis
1438 818 1684 882 peperiffet.
1745 855 1750 856 κ

273 903 399 951 Idem
423 902 523 963 post
540 901 773 964 sanguinis
793 903 989 964 jacturas
1016 902 1276 950 constanter
1299 901 1343 949 se
1357 911 1503 950 aerem
1517 903 1567 949 in
1588 900 1700 949 vasis
1724 899 1984 963 sanguineis
2003 900 2214 962 reperire}

225 1010 228 1013 ·
275 985 404 1033 Idem
424 985 584 1032 tubam
612 986 768 1031 ovatio
793 983 1059 1045 adplicatam
1086 986 1128 1031 &
1152 1001 1316 1045 corpus
1343 988 1517 1032 luteum
1544 1001 1647 1032 cum
1670 985 1874 1031 cicatrice
1899 982 2031 1030 vidit.

278 1068 407 1116 Idem
428 1067 664 1129 glandulas
691 1064 809 1113 sinui
832 1063 959 1113 falcis
983 1066 1107 1113 durae
1128 1067 1400 1113 membranae
1425 1067 1595 1113 cerebri
1618 1066 1811 1128 aodjedlas
1837 1066 1969 1113 dixit.

257 1151 442 1262 ί,Αίῖεζτετη
470 1167 527 1197 ex
548 1147 699 1211 aspera
729 1151 893 1197 arteria
916 1149 967 1196 in
997 1150 1309 1198 ventriculum
1333 1149 1481 1197 cordis
1503 1147 1730 1197 sinistrum
1751 1183 1764 1204 ,
1799 1164 1898 1197 non
1927 1149 1978 1196 in
2006 1147 2219 1198 dextrum

150 1229 254 1265 tran
274 1233 306 1263 11
341 1233 378 1262 e.

154 1360 183 1409 d
221 1364 262 1410 ἃ
284 1299 421 1345 Anno
453 1307 616 1369 17053,
653 1295 775 1342 renis
805 1293 1002 1350 fabrica,
1040 1296 1266 1357 glandulae
1293 1297 1610 1352 elementales,
1651 1313 1806 1346 earum
1828 1294 2034 1351 vascula,
2068 1295 2213 1351 nervi,

187 1378 216 1410 u
266 1378 318 1409 us
347 1373 603 1408 excretorn.

285 1444 367 1506 EJ.
404 1444 582 1504 Vagina
612 1440 737 1503 septo
764 1439 906 1488 divisa
939 1442 982 1489 ὃς
1015 1441 1108 1489 duo
1134 1444 1272 1492 uteri.

287 1514 379 1588 EJ.
406 1523 657 1572 Cerebrum
687 1541 766 1585 per
797 1525 940 1571 ictum
966 1522 1213 1574 subsidens.

286 1609 525 1670 septulum
559 1607 681 1654 uteri
710 1607 760 1653 in
782 1608 931 1667 puella
956 1606 1130 1654 bienni.

291 1692 399 1753 Hzst.
432 1695 568 1748 1706.
604 1689 906 1750 pericardium
933 1689 1059 1736 cordi
1084 1688 1336 1739 adhaerem.

288 1773 346 1820 In
368 1788 586 1833 puerpera
612 1771 725 1818 tuba
750 1768 1048 1819 infundibulo
1075 1770 1158 1820 suo
1178 1774 1385 1835 undique
1408 1772 1464 1821 ad
1485 1772 1694 1822 ovarium
1724 1773 1904 1830 adnata,
1943 1773 1987 1821 Sc
2009 1786 2229 1837 magnum

161 1849 304 1885 ovum
325 1838 554 1897 amplexa,
592 1837 667 1883 cui
691 1834 799 1883 suus
822 1834 963 1884 fuerit
984 1835 1244 1885 vasculosus
1274 1839 1420 1900 calyx.

289 1919 591 1966 Ventriculus
619 1919 788 1966 catellae
806 1952 819 1973 ,
857 1919 938 1979 qui
962 1920 1013 1966 in
1042 1923 1198 1980 pectus
1223 1922 1637 1984 transmigraverat.

290 2004 426 2048 Mem.
460 2000 514 2048 de
545 2013 681 2060 1707.
716 2000 770 2047 de
802 2000 1015 2063 glandula
1042 2001 1277 2064 pituitaria
1297 2037 1311 2059 ,
1346 2002 1449 2052 finu
1481 2003 1690 2052 circulari
1718 2019 1814 2050 eam
1844 2002 2116 2058 ambeunte,
2155 2008 2235 2052 euni

162 2066 237 2127 jus
260 2063 444 2128 sanguis
466 2081 563 2112 eam
588 2066 756 2112 adluat.

292 2147 349 2196 In
374 2149 569 2209 Hzstoria
602 2145 761 2194 Infans
783 2162 891 2195 rene
915 2149 1071 2197 unico.

295 2232 413 2291 Hist.
444 2229 499 2275 de
533 2240 668 2288 1709.
706 2231 973 2292 Ligamenta
999 2233 1139 2281 unius
1158 2233 1309 2282 lateris
1322 2244 1507 2283 uterum
1522 2233 1578 2282 ad
1598 2230 1724 2282 suam
1743 2232 1894 2282 sedem
1920 2233 2236 2285 adtraxerunt.

295 2312 407 2358 Duo
437 2311 574 2358 corda
605 2312 733 2372 pulli.

301 2399 435 2441 Mem.
460 2390 676 2452 de‘1709.
717 2393 855 2441 Fetus
880 2393 1073 2443 humani
1098 2408 1306 2444 anatome
1324 2432 1336 2452 ‚
1375 2399 1450 2446 cui
1476 2399 1706 2459 perbrevis
1730 2397 1988 2456 funiculus,
2019 2417 2136 2449 vena
2160 2416 2237 2447 ve-

168 2474 222 2506 ro
250 2459 524 2505 umbilicalis
547 2474 668 2504 cavae
697 2459 849 2504 locum
881 2461 1096 2515 tenebat,
1135 2463 1180 2508 ἅ
1202 2460 1246 2509 se
1269 2463 1321 2509 in
1345 2460 1622 2524 superiorem
1646 2480 1810 2511 venam
1838 2481 1994 2513 cavam
2023 2465 2236 2513 immitte-

171 2522 265 2570 bat.
334 2522 611 2570 Intestinum
636 2524 678 2569 ἃ
700 2535 851 2569 ureter
872 2526 922 2570 in
943 2523 1234 2586 hypogastrio
1250 2539 1446 2588 *apertus
1469 2546 1480 2574 :
1517 2528 1648 2576 testes
1672 2531 1722 2576 in
1749 2528 2010 2578 abdomine.

299 2607 410 2664 Hisz.
441 2604 496 2651 de
520 2618 656 2663 1710.
706 2606 899 2652 Rectum
929 2606 1198 2655 intestinum
1229 2625 1344 2670 pene
1367 2610 1418 2656 in
1451 2610 1561 2658 duas
1588 2605 1736 2673 partes
1764 2611 2008 2660 divulsum.

299 2688 356 2735 In
371 2691 603 2733 Memoires
631 2687 684 2733 de
711 2699 792 2745 171
808 2700 847 2733 1.
884 2687 938 2734 de
960 2689 1187 2750 glandulis
1211 2691 1455 2740 COWPERI
1484 2694 1526 2740 &
1550 2694 1601 2740 in
1622 2692 1678 2741 iis
1702 2691 1923 2741 residente
1949 2692 2244 2755 gonorrhoea.

303 2772 410 2832 Hist.
443 2769 552 2816 ibid.
605 2770 832 2816 Catellum
865 2768 1015 2817 subito
1057 2772 1237 2820 occidit.
1306 2774 1364 2821 In
1391 2791 1446 2822 eo
1474 2777 1517 2823 &
1556 2777 1623 2824 lac
1660 2777 1710 2823 in
1743 2776 1999 2823 ventriculo
2029 2780 2242 2827 coactum

173 2832 318 2888 vidit,
356 2837 399 2881 ἃ
429 2850 592 2895 aquam
620 2835 670 2880 in
697 2834 961 2895 pericardio.

305 2918 417 2977 Hzst.
451 2916 504 2962 de
543 2928 675 2976 1712.
717 2917 809 2962 Cor
838 2915 1002 2978 absque
1030 2916 1295 2979 pericardio.

309 2999 417 3059 Hist.
450 2997 676 3069 de·1713.
736 2998 933 3049 Valvula
970 3000 1091 3051 inter
1123 3005 1312 3054 aorticas
1345 3012 1510 3055 trunco
1551 3001 1774 3069 adpreffa3
1821 3001 1931 3067 hinc
1960 3001 2250 3053 ventriculus

177 3061 349 3116 sinister
376 3061 596 3124 sangulne
628 3062 837 3113 obrutus.
2109 3072 2243 3119 Mem.
