2556 3442
655 140 703 200 §-
739 151 850 203 740.
875 149 995 203 741·
1061 140 1536 194 VALISNIERI.
1602 145 1858 198 vAau.
2194 157 2287 208 τες

346 241 404 290 Τ.
424 239 485 287 V.
524 237 649 303 idem
671 238 979 288 monstrorum
1006 240 1255 303 catalogm.
1279 278 1289 281 -.

346 323 406 371 Τ.
432 322 516 370 VI.
552 322 608 370 ad
632 322 737 370 bilis
764 309 1027 370 anatomen.

345 405 404 453 T.
426 404 534 452 VII.
574 404 629 451 de
651 403 766 452 vasis
792 405 871 450 ovi
898 406 1054 452 a'e'reis.

340 486 400 534 In
431 483 580 535 Gi'orn.
611 485 662 532 de
685 486 827 532 letter.
857 485 1003 547 Suppl.
1023 485 1106 533 III.
1139 485 1193 533 de
1219 487 1319 536 ovis
1343 485 1620 536 insectorum
1642 487 1806 549 absque
1831 496 1932 538 ae're
1954 491 2160 542 exclusis,

335 569 393 616 In
419 566 555 631 opufi‘.
581 565 767 628 scientis:
796 583 819 612 e
832 565 999 629 filolog.
1028 567 1084 614 T.
1103 567 1141 616 I.
1171 580 1328 629 partus
1347 570 1436 617 illae
1461 569 1585 618 idem
1610 570 1777 631 viperae
1800 588 1879 631 per
1902 590 1964 621 os.

239 711 275 761 st
337 648 540 760 {inffJL
572 647 748 695 Contra
774 663 982 703 vermes,
1017 666 1133 711 quos
1164 651 1342 715 Anglus
1368 668 1604 701 nonnemo
1635 649 1935 715 microscopio
1969 671 2048 716 per
2067 652 2273 705 fraudem

196 730 236 760 -ο
278 728 334 762 en
370 730 392 760 e
429 724 489 760 at.

286 802 295 805 “
333 796 392 843 In
418 791 521 858 Eph.
545 798 660 842 Nat.
693 797 796 842 Cur.
828 796 946 843 Cent.
963 795 1022 843 II.
1052 780 1148 859 app.
1176 797 1230 845 de
1257 798 1416 845 ovatio
1437 799 1743 861 anguillarum
1765 784 1893 861 quod
1907 797 2058 846 noster
2079 800 2268 849 detexit,

201 941 279 989 Μ,
313 877 392 950 Ἰη
420 877 597 987 (ῗξζενὶα
623 875 670 923 di
687 879 900 924 Minerva
923 878 979 925 T.
996 878 1103 927 VH.
1140 879 1195 929 de
1220 879 1345 936 fetu,
1383 882 1463 944 qui
1484 880 1613 931 sexto
1641 898 1763 930 anno
1795 898 1878 944 per
1899 879 2145 930 abscessum
2170 898 2272 930 um-

233 957 326 989 11c1
354 958 437 1003 pro
471 953 527 988 nt
545 959 558 994 3

334 1026 378 1071 ἃ
404 1013 482 1086 EJ.
511 1022 568 1070 ad
591 1024 911 1072 MANGETUM
943 1024 1129 1086 epistola
1153 1026 1206 1074 de
1234 1029 1383 1089 puella
1408 1026 1502 1076 sine
1527 1029 1711 1077 cerebro
1743 1041 1865 1077 nata.

330 1103 435 1168 Eph.
466 1109 581 1154 Nat.
611 1109 712 1154 Cur,
751 1109 867 1154 Cent.
881 1106 924 1152 V
929 1107 965 1154 Ι.
995 1107 1181 1176 obfy’y.
1235 1109 1430 1158 Acidum
1469 1109 1654 1159 succum
1685 1109 1771 1160 seri
1813 1103 2050 1176 sanguinis
2084 1125 2268 1162 concre-

196 1169 375 1220 tionem
397 1170 616 1232 impedire
631 1204 643 1224 ,
674 1171 800 1231 quod
818 1171 1131 1232 improbabile.

333 1256 451 1303 Cent.
481 1250 610 1300 VIII.
647 1252 728 1313 obs:
750 1259 828 1313 78.
864 1253 1035 1301 Manus
1064 1253 1243 1304 firenes.

303 1353 306 1354 ⁷
333 1337 449 1391 Ceut,
472 1336 556 1384 IX.
588 1334 672 1395 obs.
695 1346 770 1395 72.
815 1336 926 1382 Duo
956 1339 1159 1399 exempla
1183 1336 1382 1386 urethrae
1411 1337 1494 1387 sub
1513 1357 1628 1402 pene
1658 1353 1838 1404 apertae,

323 1416 422 1477 Obs.
441 1429 519 1477 73.
559 1418 770 1466 Placenta
794 1416 1033 1475 veficaria,
1070 1432 1173 1469 tum
1206 1422 1296 1472 Vol.
1323 1422 1358 1471 1.
1395 1421 1477 1484 obs.
1502 1428 1608 1472 166.

325 1499 422 1561 obs.
443 1512 523 1559 75.
559 1501 679 1548 Duae
711 1503 877 1550 vulvae.
1134 1517 1141 1523 ·
1613 1533 1647 1567 .

323 1587 441 1632 Cent.
465 1584 526 1631 X.
559 1583 642 1644 obs:
669 1596 743 1644 50.
779 1585 927 1633 Urina
954 1602 1034 1648 per
1058 1603 1109 1635 os
1136 1599 1331 1636 excreta.

323 1669 442 1713 Tam.
462 1665 543 1714 III⁰
571 1665 655 1727 obs]
676 1674 719 1715 6.
757 1667 902 1715 Urina
924 1671 1104 1717 vomitu
1133 1670 1324 1718 reddita.

742 1772 781 1819 §-
817 1767 1120 1815 DCCXLI.
1214 1772 1377 1816 Diaria
1404 1775 1508 1816 anni
1543 1775 1677 1827 1698.

311 1846 368 1893 In
389 1845 500 1894 Phil.
530 1848 684 1907 Trans?
710 1864 755 1894 n.
775 1859 880 1906 237.
919 1849 973 1895 de
994 1847 1165 1897 semina
1189 1848 1336 1898 sermo
1365 1851 1454 1905 est,
1494 1854 1568 1900 cui
1594 1854 1758 1915 vagina
1782 1854 2038 1905 coaluerat2
2080 1852 2123 1899 Sc
2146 1865 2250 1914 quae

181 1909 331 1958 nihilo
355 1908 500 1958 secius
532 1925 664 1960 utero
689 1914 908 1973 concepit.

307 1994 371 2041 N.
402 2000 510 2050 238.
549 1993 753 2042 Rohertus
786 1996 1114 2044 SOUTHWELL
1141 1996 1194 2043 de
1223 1997 1374 2044 catulo
1398 1998 1544 2060 capite
1566 1998 1861 2060 semiduplici.

307 2078 481 2124 Samuel
504 2078 644 2124 DALE
668 2078 818 2137 aliqua
835 2112 847 2131 ‚
883 2075 956 2124 sed
982 2079 1171 2125 minime
1202 2080 1374 2134 lucida,
1405 2068 1467 2127 ¹de
1493 2082 1799 2143 anguillarum
1826 2091 1975 2144 partu.
2042 2080 2160 2137 Non
2180 2076 2247 2127 sa-

176 2140 236 2188 tis
262 2141 406 2189 credit
425 2143 484 2188 D.
513 2144 714 2195 ALLEN,
751 2143 831 2202 qui
859 2158 1012 2189 earum
1044 2161 1131 2191 ova
1152 2156 1335 2205 putarat
1352 2143 1396 2191 se
1423 2145 1591 2194 vidisse.

301 2224 363 2271 N.
390 2236 499 2284 243.
540 2222 850 2285 christophorm
875 2225 1003 2272 P1'r‘r
1039 2239 1280 2287 argentum
1317 2228 1478 2276 vivum
1512 2228 1564 2276 in
1592 2245 1732 2277 venas
1755 2228 1854 2276 vivi
1874 2230 1996 2277 cauis
2020 2226 2243 2289 injectum

171 2286 289 2335 vidit
313 2287 535 2336 exhalasse
560 2291 609 2335 in
632 2303 788 2334 caveas
811 2290 1015 2348 corporis
1043 2289 1250 2338 humani.

301 2368 372 2416 Id.
398 2386 443 2415 n.
460 2382 567 2429 243.
605 2369 660 2416 de
681 2381 811 2417 motu
841 2370 1115 2431 peristaltico
1142 2375 1404 2430 ventriculi,
1430 2376 1481 2423 in
1505 2377 1616 2423 vivo
1637 2392 1747 2423 cane
1771 2373 1886 2423 viso,

297 2452 360 2499 N.
388 2462 495 2511 241.
528 2452 698 2498 Eadem
722 2453 970 2513 Raymmzdi
995 2454 1301 2510 VIEUSSENS,
1331 2474 1466 2517 quem
1501 2457 1678 2505 dudum
1701 2457 1926 2512 diximus,
1963 2455 2148 2518 epistola
2182 2452 2238 2500 de

154 2517 366 2579 fimguine
387 2514 594 2567 hmnano,
628 2516 684 2562 ad
711 2517 944 2563 Medicum
974 2518 1230 2579 Collegium
1260 2520 1566 2582 Lugdunense
1594 2523 1711 2569 data.

161 2659 192 2707 s
284 2598 463 2708 f{terum
481 2598 532 2644 in
556 2602 606 2646 P.
632 2603 682 2646 T.
710 2615 756 2645 n.
772 2611 880 2658 242.
922 2600 975 2646 de
998 2599 1187 2647 homine
1207 2604 1424 2651 articulos
1442 2601 1512 2650 sui
1533 2604 1736 2666 corporis
1749 2604 1799 2651 in
1820 2619 2001 2651 omnem
2023 2599 2114 2649 fere
2133 2616 2233 2649 ver-

184 2678 262 2709 um
317 2664 505 2709 eotente.

288 2744 353 2792 N.
378 2755 486 2804 243.
516 2743 571 2791 de
599 2744 816 2805 uberibus
842 2746 1139 2793 vaccinorum
1169 2745 1392 2797 fimilibus
1420 2765 1477 2797 ex
1499 2751 1656 2799 matris
1679 2748 2007 2813 imaginatione
2023 2747 2157 2795 natis,

292 2825 355 2871 N.
384 2833 491 2884 256.
529 2827 725 2874 Nummi
758 2829 914 2890 cuprei
941 2828 996 2875 ab
1022 2827 1200 2877 infante
1231 2831 1467 2887 devorati,
1502 2832 1722 2882 videntur
1750 2829 1910 2879 sensim
1932 2827 2008 2877 sed
2038 2826 2228 2878 lentiffi-

152 2902 231 2939 me
259 2886 489 2937 consumti
509 2889 653 2939 fuisse.

286 2971 391 3017 Hoc
431 2987 554 3018 anno
590 2972 774 3034 prodire
811 2986 1032 3034 ceperunt
1078 2975 1222 3025 ACTA
1257 2978 1546 3028 LITERARIA
1581 2981 1751 3028 MARIS
1791 2979 2074 3026 BALTH101‚
2126 2990 2221 3037 quo

159 3033 304 3083 diario
331 3035 371 3082 ἃ
398 3034 501 3084 libri
519 3036 826 3093 recensentur,
851 3040 894 3086 &
920 3040 1084 3101 aliquae
1104 3039 1282 3089 insertae
1302 3041 1410 3092 sunt
1431 3045 1752 3096 adnotationes
1770 3042 1980 3105 propriae,

1093 3104 1436 3159 Hhhhhz
2114 3103 2222 3155 Hoc
