2556 3442
281 118 396 188 *322
670 120 806 170 zlss.
863 120 950 170 Vl.
1015 112 1471 168 ANIMALI-UM
1510 113 1986 164 INCISIONES.

304 271 411 304 men
425 253 608 307 docuit,
642 267 810 314 magno
826 267 932 299 cum
951 248 1104 298 fructu
1119 283 1133 303 ,
1167 247 1242 295 sed
1261 249 1505 295 immatura
1528 255 1672 291 morte
1699 242 1914 303 abreptus
1939 241 2001 289 est
2018 259 2058 290 a.
2082 247 2217 305 1649.
2243 243 2328 307 (f)
2343 245 2370 291 .'-

303 321 467 379 Neque
498 320 608 364 vero
640 315 735 363 sola
754 315 955 364 humana
986 314 1201 361 cadavera
1229 314 1279 359 in
1303 310 1436 358 usum
1460 308 1717 356 scholarum
1745 306 1996 360 inciderat,
2043 305 2119 353 sed
2150 310 2360 356 innume-

304 399 376 430 ras
401 383 669 428 animalium
692 381 934 433 vivorum,
970 390 1050 425 aut
1083 378 1290 436 alioquin
1324 376 1565 426 rariorum,
1603 369 1841 418 incisiones
1867 370 2267 418 administraverat.

440 463 597 510 Edidit
622 463 769 524 primo
791 461 964 508 Patavii
987 463 1071 515 163
1081 465 1122 512 8.
1144 461 1221 515 4*
1254 457 1307 503 de
1330 468 1507 518 cognato
1533 458 1761 501 anatomici
1785 449 1843 509 &
1869 450 2063 500 botanici
2078 452 2222 513 studio
2246 454 2361 500 Ora·
2423 446 2428 449 ’

306 530 512 577 tionem:
547 543 654 574 cum
677 524 772 586 ipse
793 526 844 571 in
869 537 1063 583 utraque
1091 534 1186 567 arte
1209 519 1311 566 effet
1330 521 1450 566 inter
1477 519 1715 579 principes.

439 610 553 656 Inde
587 613 818 668 Syntngmcz
843 607 1126 651 anatomicam
1153 600 1337 662 publicis
1367 598 1668 661 diffec‘t'ionihus
1702 599 1928 660 diligenter
1963 609 2161 660 aptatum
2207 598 2365 646 Patav.

314 679 448 733 1641.
470 676 548 732 4*
580 668 863 718 Francofurt.
895 667 1054 712 eodem
1085 680 1207 709 anno
1239 661 1453 708 excusum
1488 664 1605 709 12⁹⁵.
1673 664 1797 709 Tum
1830 664 1976 708 multo
2003 663 2178 708 auctius
2210 662 2365 708 Patav.

314 741 451 796 1647.
473 734 557 795 4.*
591 751 696 782 cum
723 731 910 793 figuris,
946 744 1082 788 quam
1109 727 1357 772 editionem
1388 725 1609 773 Gerardus
1626 727 1831 773 BLASIUS
1852 724 2054 772 recusam
2074 725 2213 778 dedit,
2251 728 2369 772 mul-

312 803 372 849 tis
400 799 712 847 additionibus
735 798 913 842 auctam
936 790 1219 839 Amsterdam
1237 793 1371 848 1659.
1388 801 1433 847 4.
1463 790 1637 835 an.
1680 793 1812 835 1666.
1835 792 1914 848 4.*
1946 790 2109 850 Ultraj.
2130 793 2263 845 1696.
2288 792 2367 848 4.ss

313 863 414 925 q'uae
443 864 581 910 editio
611 877 710 908 non
737 853 888 904 differt
907 890 920 910 ‚
969 857 1012 901 ἃ
1048 859 1183 911 1677.
1209 865 1254 911 4.
1293 869 1438 913 nuper
1466 853 1599 898 etiam
1627 853 1780 898 Patav.
1817 859 1952 910 1728.
1978 865 2024 911 4..
2051 854 2284 914 repetitam
2315 854 2366 899 Β,

315 930 662 976 WAsssNAAR.
728 923 784 968 In
810 920 1009 966 editione
1036 921 1172 976 1677.
1207 917 1524 963 Watscflms
1553 916 1723 961 BLAsn
1755 917 2103 962 commentarios
2137 917 2334 964 reddidit
2353 952 2365 969 ,

313 993 485 1051 adjecta
503 990 775 1036 VESLINGH
800 995 1008 1030 anatome
1033 982 1230 1042 gravidae
1247 1015 1258 1033 ‚
1301 983 1342 1027 &
1371 979 1652 1026 notabilibus
1673 979 1723 1024 in
1756 976 1920 1024 sceleto
1942 995 1967 1025 a
1993 980 2271 1027 LEONCENA
2291 982 2369 1026 ad-

318 1055 506 1106 notatis,
535 1064 670 1112 atque
697 1048 866 1096 tabulis
891 1045 1008 1093 fetus
1024 1045 1304 1092 anatomicis.
1376 1044 1645 1090 Germanice
1671 1043 1806 1088 etiam
1826 1042 1997 1101 prodiit
2014 1041 2253 1102 Kiinstliche
2269 1047 2371 1089 Zer-

313 1121 466 1181 Iegung
487 1116 555 1162 des
574 1110 867 1171 menschlichen
899 1110 1043 1157 Leibes
1078 1107 1214 1155 durch
1256 1107 1429 1156 Gen-ard
1445 1108 1583 1153 BLAS.
1619 1111 1684 1151 ins
1712 1104 1918 1163 Deutsche
1954 1105 2171 1165 iiberfi’tzt
2200 1107 2369 1153 Leiden

321 1187 456 1238 1652.
477 1193 520 1238 4.
541 1180 718 1225 HEJST.
761 1175 1010 1234 Nurnberg
1028 1177 1162 1231 1676.
1191 1179 1232 1226 8.
1276 1177 1410 1225 1683.
1437 1175 1497 1224 8⁰.
1522 1172 1790 1218 MOELLER.
1828 1171 1869 1215 δι
1888 1170 2062 1230 Belgice
2085 1168 2264 1231 konstige
2279 1185 2371 1216 ent-

314 1246 480 1306 leeding
497 1243 568 1288 de5
583 1237 911 1299 menschelyclcen
932 1236 1111 1299 liglmms
1133 1241 1199 1282 int
1223 1232 1526 1295 nederduytsch
1543 1234 1737 1281 vei-taalt
1759 1233 1865 1279 door
1889 1234 1945 1279 G.
1966 1235 2170 1280 BLASIUS
2201 1235 2372 1281 Leiden

319 1314 457 1356 1661.
476 1314 517 1360 8.
547 1307 796 1354 Ho'rToN.
865 1302 1278 1363 Anglicevertente
1299 1301 1562 1345 CULPEPER
1596 1297 1792 1344 London
1815 1302 1897 1354 165
1910 1308 1948 1353 3.
1969 1295 2049 1343 fol.
2115 1298 2266 1344 Italice
2289 1304 2374 1346 Ta-

317 1373 413 1420 vole
440 1368 702 1418 anatomiche
740 1367 810 1413 del
844 1367 1135 1414 VESLl-NGlo
1171 1363 1363 1427 spiegiite
1402 1368 1445 1408 in
1480 1364 1626 1423 lingua
1667 1361 1850 1406 italiana
1899 1361 2079 1406 Padova
2114 1373 2249 1419 1709.
2291 1361 2369 1408 fol.

316 1436 364 1483 B.
392 1433 660 1484 BOEHM’ER.
729 1430 1067 1492 Compendium
1105 1427 1168 1474 est
1194 1427 1526 1479 anatomicum,
1563 1427 1724 1477 breve,
1762 1422 1990 1485 puriffime
2021 1423 2236 1486 scriptum
2258 1460 2270 1479 ,
2320 1440 2376 1474 ut

320 1514 548 1561 quamque
576 1508 749 1558 partem
774 1495 975 1556 corporis
1001 1494 1176 1553 integre
1202 1489 1480 1543 absolveret,
1512 1506 1614 1536 cum
1643 1487 1732 1535 suis
1764 1487 1904 1542 valis,
1941 1489 2106 1542 nervis,
2140 1487 2372 1544 musculis,

316 1561 588 1614 visceribus,
628 1558 810 1606 offibus.
879 1558 1066 1618 Propria
1090 1572 1230 1617 pauca
1250 1555 1432 1614 quidem
1453 1553 1616 1607 habet,
1653 1569 1800 1612 neque
1820 1565 1916 1599 erat
1941 1553 1996 1599 iis
2021 1555 2146 1599 locus
2168 1572 2182 1605 3
2218 1552 2391 1614 11)]1110-χ

319 1643 401 1673 nes
429 1627 477 1672 in
508 1625 662 1672 eadem
687 1625 863 1684 virgine
889 1622 1033 1673 duos;
1069 1620 1367 1666 indicatorem
1400 1615 1657 1664 musculum
1696 1618 1744 1662 in
1779 1633 1829 1663 03
1862 1617 2102 1677 metacarpi
2139 1616 2374 1666 insertum.

318 1688 488 1736 Vesicae
520 1691 726 1735 lunatam
759 1686 1080 1737 eminentiam,
1134 1683 1244 1729 duas
1280 1695 1510 1728 ureterum
1537 1680 1807 1727 insertiones
1845 1682 2229 1741 conjungentem,
2274 1699 2379 1742 pro-

325 1755 481 1801 statam
506 1753 704 1800 unicam.
772 1748 964 1798 Pulchre
993 1748 1217 1795 delineata
1240 1745 1365 1792 dedit
1383 1744 1470 1791 offa
1487 1745 1686 1798 auditus,
1722 1743 1966 1797 cochleam,
2006 1744 2254 1804 proceffum
2280 1749 2379 1792 lon-

325 1815 553 1880 gisfimum
581 1815 760 1869 mallei,
813 1812 902 1860 offa
937 1811 1085 1865 fetus,
1139 1808 1460 1857 cordiformem
1485 1807 1835 1870 diaphragmatis
1863 1807 2164 1868 Ι«11)011011101111
2182 1844 2195 1862 ,
2229 1811 2380 1869 laryn.

324 1882 391 1943 gis
433 1881 751 1941 cartilagines:
802 1877 972 1925 cerebri
1008 1874 1227 1922 fornicem
1254 1909 1266 1927 ,
1317 1890 1456 1920 anum
1479 1908 1492 1926 ,
1540 1874 1752 1925 vulvam,
1812 1873 2079 1919 eminentias
2115 1874 2384 1921 mammilla-

324 1962 394 1993 res
416 1964 430 1997 3
479 1942 719 1991 officulum
746 1954 960 2003 quartum
986 1940 1169 1986 auditus
1189 1973 1201 1992 ,
1239 1937 1455 1984 chordam
1480 1937 1690 1997 tympani
1716 1934 1796 1981 suo
1824 1937 1872 1981 111
1897 1934 1981 1981 fitu
1996 1955 2009 1987 ;
2047 1936 2182 1982 etiam
2221 1939 2381 1984 valvu..

322 2011 389 2056 las
405 2008 549 2055 cordis
564 2006 770 2060 venosas,
787 2009 828 2053 &
842 2021 1007 2052 nervos
1021 2005 1071 2050 in
1085 2002 1314 2050 funiculos
1329 2003 1530 2048 minores
1539 2000 1729 2051 solutos,
1759 2002 1917 2059 plexus
1939 1998 2243 2053 semilunares,
2271 2017 2379 2048 ven-

324 2073 511 2119 triculos
539 2072 751 2132 laryngis.
827 2071 1068 2117 Truncum
1092 2082 1384 2114 communem
1409 2067 1524 2111 vidit
1547 2065 1719 2111 arteriae
1745 2065 1937 2109 cccliacae
1977 2065 2018 2109 &
2048 2062 2379 2112 mesentericae:

325 2137 540 2192 Qatuor
567 2151 704 2181 venas
736 2134 1034 2195 pulmonales.
1101 2129 1367 2179 Musculum
1392 2128 1653 2189 stapideum.
1721 2128 1898 2173 Primus
1924 2124 2027 2173 vasa
2053 2128 2192 2174 lactea
2223 2129 2273 2174 in
2299 2128 2382 2176 ho..

323 2199 449 2245 mine
475 2198 678 2258 depinxit
702 2200 744 2245 δι
770 2210 967 2257 quatuor
988 2211 1117 2242 venae
1137 2193 1412 2255 pulmonalis
1441 2209 1604 2239 ramos.
1674 2191 1834 2238 leones
1862 2202 2075 2238 caeterum
2111 2191 2163 2238 in
2198 2193 2382 2241 univer-

324 2261 425 2310 sum
457 2278 554 2309 non
578 2261 738 2316 bonae,
774 2274 855 2308 aut
883 2259 1171 2312 Cafferianae,
1207 2269 1285 2304 aut
1311 2257 1519 2319 propriae.
2159 2254 2162 2255 ⁷

452 2342 606 2390 Exstat
642 2344 775 2390 etiam
810 2355 896 2404 pro
923 2342 1234 2389 SPIGELIANA
1278 2338 1472 2386 doft'rina
1513 2339 1796 2402 apologeticon
1836 2334 2040 2398 adverfits
2070 2338 2378 2388 SEVERINUM

325 2407 378 2456 in
403 2407 668 2454 collectione
692 2404 971 2453 Hanovienfi
1001 2408 1041 2452 &
1068 2402 1435 2451 Francofurtensi
1468 2409 1602 2462 1654.
1625 2404 1710 2461 4.*
1750 2409 1885 2457 1669.
1911 2400 2007 2460 4.*.

453 2489 610 2536 Multo
642 2488 823 2548 majoris
854 2485 970 2533 facio
1001 2484 1295 2547 posthumum
1321 2488 1408 2533 viri
1441 2502 1570 2545 opus,
1606 2484 1917 2544 observationes
1932 2489 2196 2531 anatmmcas
2219 2482 2278 2539 &³
2296 2489 2383 2547 epi-

315 2554 448 2618 stolas
469 2551 678 2604 medicas,
713 2568 817 2610 quas
850 2568 901 2596 ex
924 2549 1082 2609 schedis
1110 2552 1289 2604 Cl.viri‚
1321 2568 1347 2597 a
1377 2550 1419 2611 J.
1455 2550 1676 2597 RHODIO
1689 2548 1902 2607 servatis,
1933 2549 1988 2594 T.
2011 2549 2381 2596 BARTHOLINUS

328 2617 472 2665 edidit
498 2613 639 2662 Hafn.
661 2619 794 2671 1664.
817 2614 895 2667 8.*
926 2615 1068 2675 Haag.
1089 2627 1225 2673 1740.
1257 2621 1299 2669 8.
1337 2630 1526 2660 aureum
1549 2612 1753 2672 undique
1775 2609 2048 2671 opusculum
2067 2644 2080 2663 ,
2117 2611 2246 2670 cujus
2285 2629 2382 2658 11011

325 2683 434 2730 licet
466 2677 543 2726 1110
572 2678 757 2724 divitias
784 2692 940 2723 omnes
967 2676 1214 2738 decerpere.
1283 2678 1354 2726 Ad
1383 2677 1722 2738 generationem
1755 2677 1797 2721 &
1833 2674 2144 2721 evolutionem
2184 2675 2382 2734 partium

328 2745 445 2808 pulli
472 2744 523 2791 111
549 2743 754 2803 Aegypto
790 2739 1069 2787 observatam
1088 2759 1102 2786 ε
1144 2742 1199 2787 ad
1239 2743 1316 2788 ovi
1338 2741 1542 2787 incubari
1573 2738 1870 2799 phaenomena
1895 2739 1937 2783 ἃ
1973 2737 2282 2784 incrementat
2307 2738 2384 2785 ‘ad

329 2820 576 2856 anatomen
599 2807 766 2867 viperae
789 2804 921 2852 valde
942 2817 1218 2857 accuratam,
1272 2807 1314 2852 &
1341 2805 1397 2851 ad
1435 2803 1650 2851 crocodili
1673 2799 1935 2847 incisionem
1963 2801 2005 2846 &
2031 2799 2225 2860 hyaenae.
2311 2803 2384 2848 De

329 2873 483 2920 1116ὶο13
511 2869 647 2924 vafis,
682 2869 820 2917 etiam
844 2869 890 2916 in
923 2865 1107 2916 homine
1138 2868 1240 2917 vifis
1259 2903 1272 2923 ,
1307 2868 1501 2930 plurima
1523 2866 1829 2925 experimenta
1847 2862 1997 2918 habet,
2035 2866 2077 2911 &
2099 2881 2218 2911 anno
2246 2871 2382 2923 1647,

2159 2928 2386 2989 duplicem

383 3032 456 3086 (f)
488 3031 695 3074 Touism
720 3042 762 3082 p.
779 3032 840 3082 63.
