2556 3442
354 136 448 191 496
515 109 531 120 ‘
721 130 856 177 zm.
904 130 989 179 VI.
1056 117 1511 174 AN1MALmM
1560 93 2045 175 INCISIONES-

495 261 612 306 Ceut.
641 257 724 318 IV.
752 260 828 319 Ep.
854 268 927 315 17.
961 258 1033 304 De
1053 255 1207 303 eadem
1231 252 1532 302 restitutione.
1599 250 1760 298 Inflata
1787 252 1951 299 arteria
1978 253 2160 301 coeliaca
2185 252 2318 301 lienis
2340 251 2412 299 αι’-ἑ
2476 250 2479 252 ’

345 322 492 370 terias
508 357 519 376 ‚
552 338 692 369 venas
707 354 723 376 ,
757 323 800 369 &
823 319 928 369 vasa
950 317 1223 382 lymphatica
1242 315 1536 368 intumuiffe.¹
1585 315 1738 363 Venas
1763 318 2021 364 coronarias
2040 316 2187 364 videri
2212 317 2411 364 valvulis

356 385 566 440 destitui,
604 388 646 432 δι
671 401 749 446 per
772 401 846 433 eas
868 385 1013 432 redire
1037 392 1185 431 aerem
1214 399 1290 443 per
1318 384 1500 429 arterias
1522 377 1782 441 impulsum.
1853 380 2095 429 Glandulae
2122 379 2410 428 bronchiales

354 441 608 511 subnigrae,
647 465 760 510 quas
785 465 929 497 novas
953 460 1098 510 putat.
1165 447 1356 494 Vitulus
1378 446 1521 506 bipes.

483 535 557 594 Ep.
584 544 655 589 51.
700 531 863 578 Fctum
897 528 1296 590 Muffipontanum
1328 525 1588 574 fabulosum
1631 524 1726 573 effe.
1795 524 2011 572 Cisternae
2033 522 2157 585 chyli
2183 524 2410 586 bipartitae

352 595 474 643 icon.
542 595 842 642 Ventriculus
876 596 925 641 in
952 594 1103 639 medio
1135 595 1407 639 contractus.
1478 589 1755 651 Sphindteris
1787 587 1943 636 vcsicae
1966 588 2093 636 fibrae
2121 591 2283 650 longae.
2351 590 2410 636 In

352 661 472 706 vivis
501 659 770 717 animalibus
792 659 1001 705 ultimam
1024 657 1200 702 moveri
1232 671 1396 702 venam
1422 671 1591 701 cavam.
1659 654 1808 701 Muris
1834 653 2021 701 maximi
2044 652 2254 701 testiculi.
2321 649 2412 701 Os-

353 724 524 770 cillatio
553 724 602 769 in
631 735 784 769 meatu
809 721 914 767 bilis
939 718 1175 766 columbae.
1242 718 1348 764 Pori
1370 717 1427 763 ad
1450 719 1585 764 latera
1615 719 1782 782 linguae
1808 718 1958 779 cygni.

482 808 556 866 Ep.
573 810 647 863 76.
687 805 758 850 De
785 800 1080 862 pulmonibus
1105 814 1333 845 ranarum.
1403 798 1567 844 Cordis
1592 799 1642 844 in
1656 799 1780 845 ranis
1793 800 2001 858 pertinax
2015 810 2181 847 motus.
2248 799 2412 846 Aerem

352 868 404 916 in
433 866 628 928 asperam
650 867 858 912 arteriam
890 863 1101 909 inflatum
1126 879 1204 909 cor
1230 860 1395 908 subire.
1463 859 1628 909 Insulae
1658 861 1822 908 duetus
1851 861 2085 911 thoracici.
2166 863 2331 924 Aliqua
2359 864 2412 909 in

352 930 507 980 veficae
530 943 740 976 anatome
769 928 1023 974 conamina.

484 1015 557 1073 Ep.
582 1021 657 1066 92.
695 1026 817 1056 nova
830 1025 885 1055 ex
897 1008 1075 1070 anglico
1088 1007 1265 1054 itinere.
1333 1007 1489 1067 Talpae
1503 1007 1771 1053 anatome&
1790 1006 2033 1053 oculiveri.
2099 1004 2408 1066 ExBoYLEo‚

354 1075 497 1136 capite
536 1073 692 1120 forfice
727 1071 910 1134 praeciso
947 1073 1125 1133 pullum
1161 1072 1456 1132 gallinaceum
1485 1069 1785 1131 supervivere.
1871 1067 2052 1116 Muscas
2078 1071 2229 1117 ablato
2266 1075 2411 1133 capite

353 1155 566 1187 venerem
591 1139 682 1198 pati
708 1140 751 1184 &
775 1153 1004 1190 exercere,
1043 1139 1178 1197 (quae
1194 1135 1334 1181 nimia
1362 1132 1504 1189 sunt)
1523 1170 1533 1179 .
1603 1134 1851 1195 Abinjedto
1866 1135 1915 1179 in
1928 1150 2067 1179 venas
2080 1133 2186 1194 opio
2199 1133 2412 1183 somnum

276 1260 289 1264 l
354 1203 468 1252 fieri.
512 1205 583 1249 De
593 1203 861 1248 WALLISH
878 1199 1014 1247 surdo
1030 1199 1236 1252 homine,
1251 1199 1385 1259 quem
1405 1197 1720 1258 loquidocuit.
1755 1199 1826 1244 De
1844 1197 2026 1244 HARVE
2030 1211 2074 1258 J1
2090 1212 2413 1249 monumento·

482 1285 562 1345 EJ.
609 1285 821 1330 Hermetit
842 1286 1155 1345 Aegyptiorum
1182 1279 1241 1336 {55
1266 1279 1541 1327 chemicorum
1564 1280 1781 1342 snpientia
1817 1279 1871 1325 ab
1899 1279 1959 1325 H.
1991 1279 2285 1328 CONRINGH
2319 1287 2415 1329 ani-

354 1348 706 1407 madverfionibus
731 1347 959 1396 vindicata
990 1344 1171 1393 Hafniae
1200 1351 1330 1404 1674.
1363 1343 1460 1403 4.*.
1530 1345 1689 1404 Capite
1717 1344 1777 1390 V.
1810 1344 2127 1391 BORRICfflus
2167 1357 2412 1394 anatomen

351 1413 682 1474 Aegyptiorum
708 1410 933 1465 defendit,
969 1409 1113 1457 solitis
1142 1411 1252 1457 locis
1283 1408 1516 1461 adduCtis,
1554 1409 1687 1455 etiam
1727 1408 1993 1459 nonnullis,
2041 1424 2143 1468 quae
2160 1408 2241 1455 vix
2272 1407 2413 1458 fidem

353 1490 600 1526 merentur.
671 1476 786 1524 Inde
810 1477 919 1523 dum
950 1477 1320 1522 ARISTOTELEM
1345 1474 1511 1534 carpit,
1550 1473 1695 1519 leonis
1725 1471 1800 1518 dat
1826 1483 2071 1518 anatomen
2089 1506 2102 1525 ‚
2140 1489 2244 1520 cum
2272 1472 2412 1522 visce-

353 1559 458 1591 rum
480 1540 773 1603 ponderibus.
844 1538 1056 1600 Asperam
1082 1538 1292 1585 arteriam
1310 1535 1598 1584 vastiffimam
1626 1535 1720 1583 effe.
1791 1537 1981 1597 Linguae
2009 1537 2201 1597 papillae.
2269 1538 2414 1586 Dein..

355 1607 410 1654 de
437 1608 599 1667 aquilae
627 1616 872 1653 anatomen
898 1604 1102 1664 exponit.
1190 1602 1360 1650 Fauces
1385 1601 1581 1648 dentatae
1603 1619 1614 1647 ε
1651 1600 1820 1647 humor
1847 1602 2022 1646 vitreus
2051 1617 2164 1660 pene
2189 1618 2317 1662 aeque
2342 1601 2413 1651 so-

352 1671 502 1724 lidus,
539 1686 676 1731 quam
706 1668 1007 1729 crystallinus.
1075 1666 1346 1713 Membrana
1374 1665 1602 1712 nicstitans.
1670 1667 1849 1712 DuCtus
1872 1665 2023 1710 bilarii
2046 1664 2168 1719 duo,
2201 1682 2413 1726 pancrea-

352 1737 433 1784 tici
457 1734 564 1782 duo.
630 1733 930 1780 Ventriculus
950 1730 1142 1792 superne
1173 1728 1494 1791 glandulosus‚
1530 1728 1708 1776 inferne
1737 1727 1964 1775 carnosus.
2046 1729 2135 1775 Lac
2167 1729 2322 1777 album
2360 1732 2412 1779 in

351 1798 572 1859 sanguine
601 1795 810 1845 anserum
839 1794 1003 1844 visum.
1072 1795 1213 1842 Porro
1240 1793 1409 1841 haliaeti
1440 1805 1663 1841 anatome.
1747 1790 2060 1854 Labyrinthus
2096 1795 2256 1855 organi
2285 1796 2414 1843 audi..

351 1865 473 1913 torii.
541 1863 700 1910 Tertia
731 1873 942 1908 anatome
972 1860 1151 1921 aquilae.
1222 1859 1455 1905 Crocodili
1481 1870 1711 1905 anatome.
1781 1858 2009 1920 Linguam
2036 1857 2198 1920 utique
2232 1858 2414 1910 habere.

352 1928 550 1976 Valvula
575 1928 664 1974 coli
684 1927 772 1973 iter
795 1941 1051 1986 occupans,
1086 1940 1184 1970 non
1205 1922 1371 1970 ceffura
1399 1923 1528 1970 flatui
1553 1919 1748 1969 inverso.

479 2011 607 2057 Inter
630 2007 936 2071 disputationes
958 2006 997 2066 s.
1031 2010 1244 2053 orationes
1273 2021 1298 2051 a
1336 2018 1481 2052 morte
1505 2006 1594 2053 viri
1630 2002 1811 2051 Hafniae
1837 2019 1960 2050 anno
1990 2015 2126 2063 1715.
2158 2002 2239 2059 8.*
2271 2004 2414 2055 editas

356 2086 541 2122 curante
573 2078 777 2122 Severino
803 2074 1038 2119 L1NTRUP
1071 2068 1180 2117 sunt
1211 2083 1250 2116 1.
1284 2070 1450 2117 Oratio
1477 2070 1531 2115 de
1558 2067 1777 2130 sanguine
1804 2067 1915 2114 anni
1945 2074 2080 2126 1676.
2149 2069 2220 2115 De
2241 2067 2416 2117 chirur-

352 2140 425 2198 gia
450 2137 671 2185 infusoria
696 2140 737 2184 ἃ
768 2134 1079 2184 transfusoria.
1150 2134 1316 2193 Aliqua
1343 2134 1396 2179 de
1422 2134 1677 2194 liquoribus
1708 2133 1787 2193 qui
1814 2131 1872 2177 ad
1896 2132 2049 2193 ignem
2082 2131 2136 2179 de
2163 2130 2409 2195 sanguine,

351 2201 535 2250 stillant.
603 2213 647 2250 2.
683 2203 755 2248 De
785 2199 1060 2248 animalibus
1084 2196 1232 2245 hieme
1262 2196 1423 2259 sopitis
1454 2214 1490 2244 a.
1511 2203 1645 2250 1680.
1681 2196 1825 2249 dieta,
1861 2194 1958 2243 haec
1990 2197 2181 2257 plenior.

483 2285 559 2344 EJ.
596 2286 638 2331 δε
663 2280 816 2340 Joach.
843 2283 1078 2343 JURGENS
1110 2280 1162 2328 de
1189 2281 1491 2328 alimentorum
1522 2278 1646 2339 curfit
1669 2295 1893 2340 eorumque
1929 2283 1973 2325 in
2009 2276 2204 2341 chylum,
2238 2278 2418 2345 fimguae'-

350 2364 471 2403 nem,
508 2347 568 2404 ἓξ
594 2349 777 2410 corporis
807 2345 982 2394 humani
997 2345 1277 2408 fitbstantiam
1303 2349 1540 2392 mutatione
1571 2342 1711 2391 Hafn.
1738 2349 1872 2402 1676.
1896 2345 1988 2403 43⁶.

423 2480 427 2483 ,
482 2430 555 2490 EJ.
591 2431 642 2476 de
660 2431 807 2490 somno
840 2427 899 2486 ἓξ
915 2427 1154 2491 fomnzferis
1183 2426 1292 2477 Difs.
1321 2425 1462 2475 Hafn.
1486 2432 1619 2484 1683.
1653 2424 1753 2486 4¹2
1819 2426 1970 2488 Magis
1998 2426 2053 2474 ad
2083 2425 2416 2476 medicamenta

348 2490 593 2542 somnifera
625 2494 840 2555 pertinet.

480 2575 536 2622 In
563 2576 676 2622 Attis
695 2576 986 2637 Hafnienfibus
1011 2574 1203 2638 plusculi
1225 2573 1332 2623 sunt
1357 2575 1429 2630 Cl,
1454 2574 1543 2623 viri
1564 2574 1755 2623 labores.
1829 2573 1916 2625 Vol.
1944 2574 1981 2622 Ι.
2006 2589 2054 2621 n.
2077 2579 2153 2630 69.
2175 2543 2416 2622 oculorum

349 2638 592 2694 humores,
622 2641 673 2686 in
700 2638 912 2694 homine,
950 2640 1109 2702 sponte
1138 2639 1350 2688 restituti.

478 2723 541 2771 N.
564 2733 642 2781 70.
677 2720 825 2769 Sudor
860 2722 1147 2783 nigerrimus.

478 2806 542 2853 N.
563 2817 641 2863 71.
672 2804 782 2851 Vox
809 2802 907 2864 post
938 2815 1135 2863 quatuor
1156 2820 1385 2852 annorum
1409 2803 1655 2865 aphoniam
1684 2803 1842 2851 redux.

478 2889 539 2937 N.
561 2901 638 2944 90.
669 2887 875 2934 Erinacei
901 2896 1112 2931 anatome
1128 2919 1139 2938 ,
1177 2886 1364 2946 ejusque
1391 2885 1625 2933 musculus
1650 2885 1896 2934 circularia.

482 2971 545 3020 N.
567 2981 643 3027 92.
667 2969 813 3034 Jecur
839 2959 1137 3031 gallinaceum
1160 2966 1422 3017 monstrosae
1461 2967 1610 3017 molis.
