2556 3442
305 153 398 208 542
679 144 817 192 rm.
862 143 949 193 Vl.
1014 107 1463 189 ANIMALIUM
1509 135 1982 193 1N01S1ones.

431 274 488 322 In
508 274 755 336 HARVEJO
779 273 915 320 etiam
938 270 1164 319 nonnulla
1189 269 1412 317 emendat.
1479 268 1649 316 Pulicis
1674 266 1908 330 generatio
1927 271 2108 314 ex‘ovo.
2175 264 2362 331 Dignis-

299 336 438 388 fimus
461 351 581 386 certe
608 338 746 394 liber,
780 337 861 400 qui
882 339 933 385 in
955 334 1141 398 operibus
1159 335 1304 389 redit,
1337 351 1484 396 nuper
1504 331 1685 381 reculis.

426 423 598 484 EJUSD.
634 419 853 485 Ephemeri
883 425 981 468 vita
1014 421 1068 483 of
1086 416 1352 483 afheeldingh
1380 419 1524 464 van’s
1549 412 1764 475 menschen
1792 415 1913 462 leven
1941 425 2143 462 vertoont
2166 417 2212 460 t'n
2229 412 2281 461 de
2296 411 2362 462 hi..

287 488 420 550 storie
443 504 532 537 van
557 485 626 533 het
653 485 852 548 vliegend
893 485 998 532 ende
1031 504 1101 532 een
1130 483 1240 546 dagh
1264 483 1418 530 lez-end
1442 481 1536 544 haft
1560 481 1625 542 oft
1646 497 1874 534 oeveraos,
1911 478 2130 526 Amsterd.
2158 485 2293 538 1675.
2314 486 2360 534 8.

299 553 622 599 LAMBERGEN
645 552 686 598 &
706 556 840 604 1681.
866 562 911 610 4.
980 550 1436 596 InBOURIGNoNIAE
1457 548 1645 607 gratiam
1671 543 1795 592 hunc
1832 544 2036 591 libellum
2065 543 2232 589 dicitur
2257 541 2362 590 scri-

298 614 405 664 fiffe.
471 613 862 676 Metamorphoses
892 613 1031 674 hujus
1052 611 1210 659 insecti
1237 612 1403 664 tradit,
1447 609 1788 669 nymphamque
1814 624 2033 669 rapacem.
2118 607 2212 653 Cor
2242 607 2366 654 vidie

301 682 344 728 &
370 680 587 742 genitales
614 692 788 740 partes,
822 692 1035 725 venerem
1058 678 1098 721 ei
1130 691 1228 721 non
1266 675 1460 734 contigit
1483 672 1651 720 vidisse.
1718 672 1953 720 Musculos
1983 687 2092 719 vero
2121 669 2362 732 expreffit,

297 744 544 792 medullam
571 742 788 804 spinalem
816 744 856 788 &
879 739 1076 801 asperam
1102 739 1328 786 arteriam.
1397 737 1580 784 Vermis
1608 736 1836 798 ephemeri
1867 737 1929 785 fic
1958 736 2063 784 satis
2095 737 2361 797 longaevuS,

297 809 485 857 volatile
511 807 677 855 animal
703 805 1013 867 ephemerum,

336 950 340 951 ⁷
422 892 596 938 Auctor
608 888 758 935 noster
783 904 821 934 a.
847 893 983 940 1680.
1007 884 1190 946 quidem
1205 883 1349 935 obiit;
1384 881 1933 943 postquamapaupertate
1954 882 2121 942 preffus
2132 882 2305 929 codices
2320 884 2365 929 ἅτ

296 955 452 1003 icones
476 955 556 1002 vili
579 954 725 1015 pretio
747 952 964 998 THEVEN
975 962 1102 997 OTIO
1130 948 1412 995 vendiderat.
1482 948 1571 993 Eos
1600 944 1792 992 feliciter
1814 944 2072 1006 'superstites
2102 946 2201 1007 post
2232 947 2364 993 dimi-

300 1020 428 1067 dium
459 1018 657 1065 seculum
688 1013 921 1063 thesauros
940 1019 1208 1061 Hei-manum<
1233 1013 1550 1059 BOERHAAVE
1579 1027 1677 1056 non
1706 1011 1883 1070 exiguis
1906 1011 2111 1069 pecuniis
2135 1011 2326 1058 redemit
2347 1029 2364 1063 ς

298 1084 443 1131 vitam
467 1084 554 1129 viri
578 1078 806 1141 descripsit
825 1114 837 1134 ‚
874 1095 1009 1140 opera
1046 1078 1120 1125 edi
1147 1077 1321 1124 curavit
1360 1077 1531 1136 belgice
1574 1076 1615 1121 &
1649 1075 1804 1126 latine,
1845 1089 1952 1119 cura
1978 1074 2039 1119 D.
2063 1074 2124 1120 H.
2156 1075 2362 1121 Gaussn.

297 1148 486 1196 Titulus
513 1146 599 1199 est,
634 1145 776 1192 Biblia
800 1155 967 1190 natura:
983 1142 1022 1203 s
1054 1141 1224 1204 historia
1252 1140 1500 1199 insefiorum
1531 1143 1574 1185 in
1598 1151 1737 1186 certas·
1767 1135 1905 1200 claffis
1933 1137 2135 1191 νεάιιὲἶα,
2176 1155 2251 1185 nec
2277 1155 2362 1185 non

298 1212 490 1273 exemplis
521 1208 580 1266 ἓξ
612 1213 853 1256 anatomico
889 1213 1117 1255 variorum
1151 1205 1508 1253 animalculorum
1537 1207 1730 1249 examine
1755 1203 1995 1264 illustrata,
2034 1200 2197 1260 insertis
2221 1219 2366 1249 nume-

297 1275 400 1334 rofis
432 1274 668 1322 rarioribus
709 1285 876 1320 naturae
917 1271 1275 1332 observationibus
1314 1268 1601 1326 Leid.1737.
1629 1265 1753 1314 fOL*
1774 1284 1787 1311 :
1844 1266 2114 1313 Germanice
2155 1264 2364 1313 recusum

295 1338 455 1401 Lipsiae
482 1350 616 1398 1752.
644 1336 722 1385 fol.
767 1340 809 1385 &
848 1338 1037 1398 Anglice
1073 1348 1279 1382 vertente
1313 1335 1545 1383 FLOYDIO
1576 1331 1778 1378 Londini
1802 1337 1937 1388 1758.
1970 1328 2051 1377 fol.
2119 1330 2290 1378 Gallice
2313 1331 2366 1378 in

296 1404 565 1452 collefflone
586 1401 857 1450 Divionensi
878 1403 932 1449 T.
953 1401 1035 1447 IV.
1061 1401 1114 1447 V.
1142 1411 1419 1459 excerptum.
1495 1396 1696 1443 Historia
1729 1412 1864 1456 apum
1905 1395 2041 1441 etiam
2067 1407 2273 1456 excerpta
2303 1395 2365 1442 est

297 1471 385 1516 aD
423 1505 432 1515 .
471 1505 482 1515 .
515 1482 720 1515 NETTJS.
789 1465 1086 1513 Incommode
1112 1477 1308 1523 utraque
1335 1464 1491 1523 lingua
1517 1462 1763 1523 conjuncta
1788 1459 1877 1512 est,
1915 1461 1969 1506 8(-
1989 1459 2155 1505 tabulae
2184 1459 2364 1507 duobus

291 1534 429 1582 tomis
455 1532 684 1579 destinatae
698 1535 762 1579 ita
787 1530 1057 1584 distributae,
1084 1542 1138 1577 ut
1163 1529 1215 1576 in
1234 1527 1432 1574 secundo
1447 1538 1576 1573 tomo
1600 1523 1818 1587 plusculae
1833 1521 1936 1578 sint,
1956 1540 2070 1585 >quae
2093 1523 2149 1570 ad
2161 1524 2364 1585 primum

293 1600 526 1660 pertinent
550 1609 629 1645 aut
651 1595 860 1645 vicissim,

421 1681 561 1728 Nova
584 1679 660 1726 hic
682 1677 815 1733 sunt,
851 1689 1062 1726 anatome
1098 1674 1297 1738 pediculi
1325 1672 1535 1720 humani.
1603 1671 1803 1733 Systema
1844 1671 2171 1718 animalculum
2199 1688 2366 1718 nervo-

293 1744 391 1793 sum
417 1744 605 1807 pulchre
632 1745 774 1798 eruit,
810 1755 910 1790 tum
950 1751 1129 1789 aereum
1150 1776 1161 1795 ‚
1211 1756 1288 1787 cor
1317 1739 1529 1798 nequivit
1563 1738 1786 1783 invenire.
1858 1738 2100 1797 Organum
2129 1736 2366 1783 alimenta-

292 1813 413 1858 rium
440 1811 574 1857 etiam
603 1806 857 1868 descripsit,
891 1810 932 1854 &
960 1807 1085 1867 quod
1108 1805 1312 1857 mireris,
1348 1800 1461 1849 solas
1485 1803 1535 1848 in
1560 1801 1648 1848 hoc
1677 1801 1946 1848 animalium
1978 1816 2142 1862 genere
2168 1798 2363 1848 feminas

293 1876 472 1923 incidit.
542 1871 857 1920 Validiffimus
882 1871 944 1918 est
969 1873 1021 1917 in·
1044 1870 1254 1932 pediculo
1283 1880 1440 1914 motus
1462 1865 1774 1927 peristalticus.

424 1956 625 2006 Historia
656 1955 833 2017 aliquot
865 1953 1168 2002 cochlearum.
1234 1950 1630 2009 Eximiumopus.
1699 1947 1898 2009 Systema
1925 1963 2147 1995 nerveum
2171 1945 2366 1994 subtilis-

292 2020 482 2075 fimum,
525 2021 769 2082 &integra
792 2032 1035 2067 anatome:
1076 2016 1279 2065 sacculus
1307 2015 1359 2061 in
1390 2014 1604 2060 omnibus
1635 2011 1922 2074 purpurifer,
1958 2013 2009 2059 in
2038 2013 2174 2059 unica
2210 2023 2366 2060 tamen

291 2085 436 2148 specie
461 2088 706 2133 coloratus.
772 2085 922 2132 Nervi
952 2084 1094 2145 optici
1114 2080 1296 2143 spitales
1321 2080 1372 2125 in
1393 2076 1650 2125 musculum
1672 2075 1849 2124 inclusi.
1918 2078 2060 2124 Oculi
2086 2088 2177 2123 tres
2197 2075 2364 2124 humo-

292 2167 390 2204 res,
422 2152 461 2198 8<
487 2150 681 2204 fabrica,
718 2167 819 2210 quae
844 2147 966 2203 facit,
1003 2160 1060 2195 ut
1082 2147 1295 2208 propiora
1311 2160 1408 2189 non
1433 2142 1638 2194 videant.
1705 2141 1944 2202 Myologia
1967 2142 2186 2188 animalis.
2254 2142 2366 2188 Mu·

289 2213 403 2262 sculi
427 2232 587 2262 omnes
604 2217 824 2276 punctum
850 2212 998 2261 fixum
1024 2212 1075 2259 in
1089 2210 1198 2259 testa
1219 2208 1408 2256 habent.
1477 2207 1677 2267 Polypos
1701 2221 1828 2267 aquae
1844 2205 1988 2253 dulcis
2017 2205 2206 2252 minime
2229 2205 2366 2268 iguo-

290 2280 425 2328 ravit.
492 2280 664 2340 Mytuli
685 2291 927 2333 anatome,
961 2279 1012 2325 in
1039 2293 1132 2338 quo
1156 2290 1305 2335 neque
1331 2288 1409 2320 cor
1434 2271 1580 2325 vidit,
1614 2288 1763 2332 neque
1794 2270 2119 2319 ventriculum.

423 2362 650 2411 Anatome
682 2362 872 2409 cancelli
896 2358 1104 2408 solitarii.
1173 2357 1399 2406 Nativum
1424 2353 1505 2401 effe
1532 2352 1622 2402 fuae
1650 2353 1772 2402 testae
1801 2351 2027 2414 hospitem
2047 2388 2061 2408 ,
2093 2369 2289 2415 cumque
2312 2368 2365 2401 ea

291 2437 558 2477 connatum.
628 2426 908 2480 Cerebrum,
939 2425 1140 2472 medulla
1165 2421 1367 2484 spinalis.
1434 2420 1579 2467 Fibrae
1604 2419 1736 2467 nervi
1766 2419 1921 2480 optici.

413 2508 616 2556 Historia
636 2506 841 2556 scarabaei
858 2506 1107 2556 nasicornis
1141 2505 1412 2554 anatomica.
1486 2504 1577 2550 Hic
1601 2501 1838 2549 hominem
1860 2513 1964 2549 ante
1980 2498 2153 2562 lapsum
2172 2501 2362 2548 minori-

290 2574 379 2623 bus
401 2571 528 2621 fuiffe
549 2572 775 2620 intestinis
804 2575 1049 2623 ΒοΕΗΜΙο
1082 2571 1252 2625 credit,
1291 2572 1333 2617 &
1370 2584 1447 2630 per
1475 2567 1643 2615 insecta
1675 2565 1933 2614 confirmat.
2002 2566 2154 2613 Verus
2190 2567 2242 2611 in
2268 2562 2360 2611 sca·

290 2639 441 2687 rabaeo
471 2638 614 2699 penis.
684 2637 837 2684 Testes
867 2636 976 2685 sunt
1013 2639 1235 2700 glomeres
1272 2632 1506 2683 vasorum.
1573 2634 1755 2681 Ductus
1796 2630 2032 2679 seminales
2057 2629 2188 2679 varii.
2255 2629 2362 2678 Pine-

290 2703 537 2767 guedinern
568 2701 768 2764 globulis
796 2700 910 2748 fieri.

418 2778 476 2833 In
499 2784 633 2832 T.11.
665 2784 918 2831 Bibliorum
955 2784 1161 2845 princeps
1202 2800 1318 2844 opus
1346 2783 1543 2830 auctoris
1571 2782 1819 2844 reperitur,
1869 2794 2006 2840 apum
2035 2793 2198 2838 nempe
2220 2775 2361 2825 histo.

289 2852 355 2899 ria
380 2868 392 2897 ε
435 2866 485 2896 ea
512 2849 592 2896 diu
617 2850 668 2895 in
688 2849 836 2896 Gallia
853 2850 1059 2902 latuerat,
1099 2851 1139 2895 &
1162 2847 1414 2909 suspicatur
1438 2849 1818 2900 BQERHAAvms,
1848 2843 2138 2890 Academicos
2163 2842 2320 2890 Gallos
2340 2877 2357 2898 ‚

249 2938 252 2939 ⁷
288 2917 368 2977 qui
395 2914 449 2961 de
475 2914 635 2974 apibus
662 2911 943 2974 scripserant,
977 2929 1074 2959 non
1088 2912 1325 2974 neglexisse
1357 2911 1622 2959 ditiffimum
1649 2911 1849 2957 inventis
1877 2907 2093 2954 codicem.
2164 2906 2360 2955 Viderat

286 2995 392 3028 eum
423 2978 625 3026 codicem
646 2984 794 3026 Petrus
818 2979 1050 3028 Horren
1085 2977 1185 3037 (13).
1250 2976 1555 3028 Pulcherrime
1583 2977 2062 3026 SWAMMERDAmms
2096 2970 2359 3085 tresds}xns

338 3107 405 3162 Gn)
433 3109 539 3154 Phil·
574 3105 715 3164 Trans:
745 3121 783 3152 n.
800 3119 893 3163 253,
2226 3053 2250 3085 e
2271 3052 2337 3085 cn
