2556 3442
861 139 1535 210 §.59‘.GA1.E'Nus‚
2172 163 2231 214 ς,

185 287 230 335 se
259 287 394 335 simiis
423 289 473 334 in
505 282 967 335 administrationibus
990 279 1124 330 usum
1153 281 1258 337 effe,
1283 281 1453 343 'passim
1488 294 1642 330 tamen
1683 281 1736 329 de
1777 284 1974 337 hominis
2016 304 2226 340 anatome

184 350 365 398 seorsim
397 351 534 404 dicit,
587 351 629 396 &
664 346 919 395 musculum
957 343 1094 392 fimiis
1129 346 1364 407 proprium
1397 364 1421 393 a
1450 345 1575 407 spina
1613 344 1802 406 scapulae
1829 350 1878 394 in
1904 354 2108 401 cubitum
2145 346 2226 403 ire.

186 415 273 461 Sex
299 414 524 461 musculos
552 411 675 458 oculi
706 409 826 456 facit.
913 409 1219 456 Lumbricales
1263 408 1342 456 sibi
1376 410 1537 456 tribuit
1573 410 1786 456 inventos
1809 444 1821 463 ‚
1869 414 1911 457 &
1954 415 2225 466 interoffeos.

185 476 468 537 Platysmatis
497 474 674 534 myodis
713 487 884 518 nomen
913 471 1104 518 invenit.
1189 474 1380 520 Rectum
1418 473 1651 520 internum
1683 473 1867 532 capide,
1918 479 2086 523 rectum
2125 484 2230 526 late-

184 543 349 592 ralem,
385 542 425 586 &
455 534 914 584 intertransversalem
950 533 1175 595 descripsit
1210 537 1304 592 (l).
1405 537 1537 582 Duos
1567 538 1788 582 levatores
1816 535 2002 596 scapulae
2035 557 2058 583 a
2090 545 2230 600 capite

185 604 383 655 derivat,
418 616 614 661 quorum
639 599 830 644 alterum
852 600 1011 645 LYCUS
1036 599 1328 659 ignoraverit.
1408 601 1540 645 Duos
1560 598 1748 659 scapulae
1767 598 2087 646 rhomboidcos
2111 602 2227 651 facit.

183 666 439 712 Biventrem
463 660 543 707 offi
571 660 730 720 hyoidi
764 662 952 715 tribuit,
1006 663 1047 707 &
1081 678 1105 707 a
1132 660 1330 722 processu
1359 661 1599 722 styliformi
1639 678 1737 709 uon
1770 662 1886 709 bene
1924 663 2110 711 derivat.
2178 667 2234 712 Et

185 741 426 776 cutaneum
451 724 590 771 habet
620 725 694 770 ani
713 722 1011 785 sphineterem
1031 760 1044 780 ‚
1082 727 1124 772 &
1156 724 1452 786 profundum.

310 818 561 881 Adgnoscit
593 818 682 866 hoc
711 818 978 880 opusculum
1010 822 1248 868 GALENUS
1282 820 1336 868 cle
1355 822 1450 881 suis
1477 820 1598 869 libris
1627 838 1662 869 c.
1697 833 1738 880 3.
1777 824 1819 869 δε
1847 824 1896 870 in
1931 835 2037 870 arte.

309 904 467 962 Codex
494 915 555 962 est
575 917 623 962 in
645 917 691 961 B.
710 916 765 962 R.
784 917 829 962 P.
862 933 907 963 n.
923 928 1061 972 2219.
1129 918 1247 964 Cum
1268 917 1382 963 libro
1400 917 1451 963 de
1475 918 1908 980 administrationibus
1933 936 2037 966 cura
2058 919 2099 980 J.
2118 919 2183 966 CA
2190 934 2212 980 J
2221 934 2232 966 1

181 980 350 1041 prodiit
378 978 552 1025 Basileae
580 991 713 1037 1544.
751 996 854 1025 cum
878 981 974 1026 aliis
1000 981 1144 1041 Lugd.
1174 993 1309 1037 1551.
1336 982 1462 1027 16⁰3*
1499 989 1632 1037 1556.
1671 986 1730 1035 8⁰.
1768 984 1945 1035 GUNZ,
1984 985 2232 1042 interprete

181 1046 514 1091 GA-DAano.
563 1043 734 1089 Gallice
751 1043 888 1090 vertit
899 1044 1087 1098 Jacobus
1098 1045 1441 1097 DALECHAMP,
1466 1046 1508 1090 &
1523 1045 1663 1091 edidit
1675 1046 1806 1106 Lyon
1823 1053 1958 1104 1564.
1976 1047 2233 1092 VERDIER.

303 1140 483 1200 EJUSD.
522 1139 611 1195 (m)
645 1139 699 1184 de
731 1156 962 1185 nervorum
989 1137 1219 1201 dzjffi’t‘lione
1252 1140 1312 1186 ad
1353 1145 1530 1187 Tirones
1560 1143 1792 1201 Augustino
1827 1142 2138 1190 GADALDINO
2166 1141 2236 1186 in-

181 1216 389 1264 terprete.
454 1202 628 1248 Iterum
655 1213 790 1262 patet,
816 1203 1075 1249 GALENUM
1104 1204 1313 1250 animalia
1332 1204 1466 1249 bruta
1492 1202 1745 1256 diffecuilse‚
1781 1221 1884 1250 cum
1910 1205 2112 1265 primum
2134 1220 2233 1250 ner-

183 1283 297 1327 vum
321 1282 417 1311 non
447 1264 610 1311 habeat
627 1299 638 1318 ‚
677 1266 719 1311 δι
746 1265 875 1311 lob-as
907 1266 1075 1312 cerebri
1103 1268 1350 1313 anteriores
1371 1268 1461 1326 ajat
1481 1267 1537 1312 ad
1566 1265 1657 1313 nasi
1679 1269 1953 1328 principium
1982 1267 2231 1328 pervenire.

181 1328 513 1389 Aquaedudtum
540 1340 692 1374 tamen
728 1329 974 1376 FALLOPu
1011 1346 1108 1374 non
1139 1330 1393 1390 ignoravit,
1439 1332 1481 1376 &
1522 1332 1721 1376 canalem
1753 1348 1831 1390 per
1865 1347 1999 1390 quem
2038 1346 2115 1390 par
2154 1330 2236 1375 du-

181 1410 282 1439 rum
308 1392 415 1438 exit.
480 1392 689 1438 Nervum
715 1405 1019 1438 recurrentem
1054 1391 1132 1438 fibi
1163 1393 1338 1439 tribuit.
1407 1394 1575 1439 Iterum
1603 1394 1805 1453 increpat
1836 1393 2098 1453 scriptores,
2151 1394 2230 1453 qui

181 1455 499 1508 confuderint,
536 1471 636 1514 quae
654 1454 703 1500 in
717 1453 853 1500 fimiis
886 1457 928 1501 ὃς
951 1472 1051 1515 quae
1076 1456 1122 1501 in
1145 1457 1242 1502 aliis
1270 1457 1540 1502 animalibus
1559 1458 1859 1516 reperiuntur.
1928 1455 2024 1517 Ipse
2062 1458 2112 1502 in
2142 1456 2233 1516 pri-

181 1536 258 1566 mo
279 1535 420 1565 nervo
452 1518 637 1565 cervicis
665 1516 877 1564 fabricam
907 1518 1168 1579 distinguit,
1217 1536 1317 1579 quae
1341 1520 1390 1565 in
1420 1518 1556 1565 simiis
1583 1519 1670 1572 est,
1721 1522 1763 1566 ἃ
1788 1537 1888 1580 quae
1925 1521 1973 1566 in
2003 1520 2100 1566 aliis
2135 1521 2230 1565 ani-

180 1582 373 1629 malibus
395 1599 406 1627 :
441 1580 499 1627 fic
518 1580 569 1626 in
587 1597 728 1627 nervo
752 1583 887 1628 tertio
913 1581 1029 1628 dorsi
1048 1601 1060 1634 3
1098 1599 1323 1643 nusquam
1343 1582 1542 1629 hominis
1558 1599 1744 1628 memor.
1804 1585 1915 1631 Tres
1933 1585 1983 1629 in
2010 1582 2235 1628 foramine

178 1645 375 1707 jugulari
400 1645 547 1690 oc‘tavi
574 1645 704 1690 nervi
735 1661 884 1691 ramos
910 1643 1043 1692 facit:
1079 1647 1198 1692 inter
1222 1663 1297 1692 eos
1324 1645 1804 1706 gloffopharyngaeum.
1874 1648 2024 1693 Habet
2053 1645 2236 1692 acceffo-

177 1709 297 1756 rium
323 1723 544 1761 nervum,
585 1709 627 1754 ἃ
652 1707 981 1754 intercostalem
1008 1743 1020 1762 ,
1064 1708 1138 1755 sed
1175 1710 1230 1756 ab
1261 1712 1421 1755 octavo
1453 1711 1549 1769 pari
1585 1710 1758 1756 natum.
1830 1710 1955 1757 Citat
1995 1705 2233 1757 GALffiUs

180 1772 360 1819 &inter
387 1771 666 1832 antiquiores
688 1769 793 1818 suos
821 1773 982 1832 repetit
1010 1773 1037 1818 1.
1061 1789 1096 1818 c.
1130 1789 1166 1819 c.
1197 1784 1235 1828 3.
1272 1784 1371 1819 tum
1396 1774 1446 1818 in
1468 1785 1576 1819 arte.
1909 1796 1913 1799 “

301 1867 476 1914 Prodiit
502 1884 605 1913 cum
620 1865 833 1927 sequente
847 1870 1036 1915 Antonio
1050 1869 1304 1916 FORTOLO
1333 1869 1576 1929 interprete
1608 1868 1781 1915 Parifiis
1804 1875 1938 1925 1526.
1960 1869 2025 1928 4⁰.
2056 1870 2224 1915 GUNZ.

179 1941 278 1978 tum
300 1929 476 1977 Bafileae
504 1941 638 1988 1529.
678 1928 775 1985 8⁶2*
812 1947 1004 1992 cumque
1030 1934 1127 1978 aliis
1152 1935 1265 1993 Aug.
1294 1934 1608 1980 GADALDINO
1637 1936 1882 1992 interprete
1923 1934 2055 1992 Lyon
2086 1943 2222 1989 1555.

184 1992 312 2040 16⁶.*
349 2000 482 2052 1556.
519 1994 581 2048 8⁰.
613 1994 778 2041 Guuz.
847 1996 1017 2042 Gallice
1041 2007 1237 2041 verterat
1266 1997 1689 2044 DALECHAMPms.
1763 1996 1912 2043 Codex
1944 1997 2060 2042 M.S.
2092 1994 2235 2041 exstat

179 2058 232 2167 {n
262 2055 372 2129 ssibl.
414 2061 514 2121 Reg.
547 2058 686 2118 Paris
717 2074 762 2105 n.
795 2063 934 2118 2164.
971 2060 1013 2122 &
1052 2070 1190 2115 2219.
1231 2060 1282 2106 in
1309 2057 1657 2107 Vindobonenfi
1686 2060 1735 2106 L.
1757 2059 1793 2106 1.
1822 2075 1865 2121 p.
1895 2066 1997 2114 181.
2042 2059 2122 2105 iste
2155 2057 2234 2105 he-

212 2135 369 2167 raicus.

309 2216 482 2276 EJUSD.
518 2217 569 2264 de
606 2235 815 2265 venarum
856 2223 1202 2280 arteriarumque
1233 2217 1466 2281 diffit‘i'ione
1493 2218 1627 2272 liber,
1674 2220 1728 2265 ab
1761 2221 1947 2265 Antonio
1980 2218 2228 2278 FORTOLQ

183 2275 362 2331 versus,
401 2279 559 2326 deinde
590 2298 614 2326 a
646 2282 873 2330 VESALIO
908 2283 1161 2344 castigatus,
1197 2285 1239 2329 &
1276 2300 1331 2329 ex
1362 2282 1538 2329 vetusto
1571 2282 1723 2329 codice
1761 2298 1906 2342 graeco
1945 2283 2226 2329 emendatus·

179 2341 269 2389 Hie
294 2342 554 2388 arteriarum
567 2341 761 2390 historiae
776 2362 992 2392 venarum
1008 2346 1299 2405 praemittitur
1313 2345 1496 2399 fabrica,
1533 2363 1669 2406 quem
1693 2347 1900 2391 ordinem
1923 2347 2059 2392 etiam
2077 2347 2233 2393 VEsffl

182 2418 289 2451 uus
309 2403 485 2451 secutus
499 2405 574 2458 est,
597 2409 638 2453 ὃς
654 2408 732 2467 qui
746 2409 995 2454 multorum
1012 2425 1211 2455 errorum
1227 2412 1385 2456 auctor
1399 2409 1501 2456 fuit.
1572 2411 1757 2462 Iterum,
1788 2409 1896 2455 dum
1917 2410 2154 2456 GALENUS
2177 2409 2230 2454 de

179 2469 309 2514 venis
334 2468 620 2528 jugularibus
646 2470 764 2530 agit,
802 2471 1036 2517 manifesto
1064 2471 1283 2525 ostendit,
1315 2489 1552 2532 nunquam
1576 2471 1684 2518 sein
1714 2489 1809 2518 eam
1828 2489 1990 2519 venam
2010 2474 2059 2518 in
2084 2471 2231 2517 homi·

179 2546 238 2577 ne
264 2530 537 2591 inquifivifl'e
564 2550 574 2577 ε
613 2532 892 2579 manifestam
918 2535 1038 2580 enim
1064 2536 1126 2580 ait
1157 2535 1252 2595 ejus
1284 2534 1364 2581 effe
1391 2534 1602 2582 fabricam
1626 2569 1639 2589 ,
1676 2535 1860 2596 quando
1881 2537 2011 2582 ulcus
2037 2536 2223 2595 pingue-

181 2593 332 2640 dinem
363 2592 417 2640 fit
447 2594 674 2654 depastum
694 2630 706 2649 ,
738 2613 826 2656 qua
850 2597 1062 2643 ambitur.
1147 2599 1319 2645 Iterum
1347 2611 1484 2645 aortae
1523 2615 1700 2646 ramum
1745 2599 1907 2645 tribuit
1954 2597 2222 2645 adscenden-

179 2668 286 2711 tem,
314 2658 356 2703 &
383 2656 724 2704 descendentem
754 2661 969 2714 alterum,
1016 2678 1150 2720 quem
1186 2678 1382 2711 errorem
1421 2679 1477 2708 ne
1502 2662 1754 2709 VESALIUS
1793 2662 1975 2723 quidem
2012 2661 2219 2707 correxit.

172 2720 352 2766 Primus
377 2733 590 2768 caeterum
623 2723 890 2783 angiologiae
924 2727 1106 2778 audlor,
1147 2741 1247 2784 quae
1276 2725 1468 2784 alicujus
1494 2727 1717 2772 momenti
1741 2724 1808 2772 fit.
1877 2726 2026 2771 Habet
2055 2722 2223 2768 anasto-

177 2781 326 2833 moses
349 2800 571 2832 venarum
601 2802 1105 2847 mammarlarumcum
1142 2788 1530 2845 intercostalibus,
1579 2791 1621 2838 &
1661 2789 1928 2852 epigastticis
1948 2807 1964 2843 3
2006 2786 2221 2835 finistram

2060 2861 2219 2894 venam

230 2903 285 2953 (l)
326 2908 436 2957 Apud
461 2910 711 2953 Onusam
739 2926 779 2964 p.
806 2927 893 2956 200.

227 2959 310 3010 (m)
336 2959 438 3003 citat
463 2965 813 3018 admimstrationes
837 2970 1090 3015 anatomicas.

1245 3021 1301 3077 M
