2556 3442
340 152 437 200 470
712 136 847 184 ιιΒ.
894 102 1010 184 ri(
1045 127 1503 180 ANIMALIUM
1557 125 2030 180 1Nc1s1oNES.

342 281 480 327 quam
510 263 696 325 prodiit.
763 262 928 323 Aliqua
959 276 1013 316 eo
1035 258 1249 307 facientia
1285 257 1362 305 hic
1391 257 1600 318 reperias.
1677 248 1857 304 Motus?
1871 257 2119 304 ventriculi
2145 258 2202 306 ad
2239 260 2387 307 vomi-

341 342 467 377 tum:
503 341 657 374 motus
686 326 783 387 ejus
809 324 1220 386 antiperistalticus.
1288 322 1402 369 Villi
1425 320 1689 374 ventriculi.
1753 320 1915 374 Fibrae‚
1934 319 2027 383 ipsa
2050 322 2272 383 gallorum
2293 341 2389 371 cra-

341 405 443 440 vate
460 390 600 454 finffie.
670 391 838 449 Succus
863 389 1121 436 ventriculi.
1189 386 1418 434 Folliculi.

469 471 735 520 Posthumas
764 471 949 531 reliquit
971 466 1347 517 numerosissimas
1370 466 1637 514 cadaverum
1662 465 1980 513 morbosorum
1996 464 2248 520 incisiones,
2289 468 2389 527 qui-

341 538 428 586 bus
456 536 610 583 bonus
637 533 772 581 senex
791 569 803 588 ‚
855 534 975 594 apud
1009 544 1240 592 magnates
1266 531 1441 591 ubique
1474 529 1722 591 gratiosus,
1772 528 2104 592 diligentiffime
2135 541 2388 578 vacaverat.

341 603 509 649 Earum
533 612 730 661 partem,
772 597 1090 657 Observationes
1112 610 1274 653 nempe
1294 595 1452 640 medico
1475 594 1690 654 praffiicas
1716 594 1768 641 de
1792 594 2016 655 adfec‘t'ibus
2041 595 2188 656 capitis
2211 595 2389 640 interm}

345 663 404 722 Εὖ
426 664 607 711 externis·
637 663 843 722 Nepotes
867 658 1029 706 summi
1053 659 1140 703 viri
1170 657 1412 703 ediderunt
1437 654 1750 704 Bernhardintos
1777 659 2009 705 WEPFER
2047 660 2088 705 «Sc
2127 660 2266 719 Georg
2296 661 2391 706 Mi-

341 727 460 776 chael
482 729 719 774 errra
753 721 964 782 scaphas.
991 732 1130 778 1727.
1150 719 1247 778 4.*.
1316 721 1372 766 ln
1391 735 1553 780 magna
1584 721 1880 775 collec'tione‚
1913 733 2074 782 praeter
2105 723 2299 782 plurima
2332 720 2392 766 ad

269 807 277 812 ’
342 792 457 840 vitia
482 803 635 837 motus
667 791 707 835 &
739 785 949 833 sensuum
983 786 1274 831 internorum
1313 784 1355 829 &
1384 794 1681 829 externorum
1714 786 1988 844 pertinentia
2007 819 2021 838 ‚
2066 785 2211 845 capita
2240 784 2391 843 aliqua

342 852 589 903 monstrosa
613 850 950 901 describuntur,
988 847 1158 894 cerebri
1180 862 1341 906 nempe
1366 844 1551 891 herniae.
1620 846 1916 894 Praemittitur
1940 849 2034 895 vita
2061 849 2222 909 optimi
2246 846 2391 900 senis,

341 921 393 967 in
415 920 545 979 cujus
571 913 709 962 inciso
739 928 926 973 corpore
957 922 1084 957 aorta
1109 911 1272 957 arteria
1305 910 1393 956 late
1423 906 1620 968 squamis
1645 908 1769 956 osseis
1793 912 1963 958 variata
1984 924 2159 972 reperta
2185 911 2261 958 est.

471 995 827 1046 Observationes
851 991 905 1038 de
932 991 1157 1054 adfeelibus
1180 992 1360 1056 petveris
1379 1006 1473 1036 una
1501 988 1748 1050 promissae,
1781 991 1991 1037 nondum
2023 993 2311 1051 prodierunt·

468 1080 658 1141 Egregia
685 1085 986 1122 monumenta
1019 1075 1174 1135 magni
1208 1072 1296 1120 viri
1330 1071 1503 1118 exstant
1531 1071 1582 1117 in
1606 1072 1658 1118 E.
1684 1072 1746 1118 N.
1775 1072 1833 1125 C.
1897 1072 1954 1119 In
1991 1089 2091 1118 ann.
2111 1072 2149 1118 Ι.
2193 1073 2248 1119 de
2276 1074 2394 1121 liene

341 1160 509 1207 magno
539 1137 696 1188 inciso.

471 1225 527 1271 In
554 1239 653 1268 sinn.
676 1221 735 1268 Η.
765 1220 846 1280 obst
865 1231 972 1278 251.
1017 1218 1242 1266 Anatome
1269 1217 1474 1270 castoris,
1513 1233 1617 1264 curn
1648 1217 1746 1277 ejus
1776 1216 1985 1264 animalis
2016 1215 2274 1263 ventriculo
2309 1233 2396 1263 un-

342 1291 476 1349 dique
500 1289 624 1333 intus
656 1283 843 1336 villoso,
892 1283 1116 1343 glandulis
1145 1284 1240 1342 ejus
1269 1280 1555 1342 compositis,
1603 1282 1786 1327 valvula
1815 1281 1930 1334 coli,
1978 1281 2166 1342 ejusque
2192 1279 2394 1327 intestini

341 1353 527 1401 cellulis.
597 1348 799 1396 Castorei
824 1344 1050 1400 folliculi,
1083 1347 1248 1406 aliique
1275 1346 1331 1392 ad
1355 1347 1473 1392 latus
1505 1347 1613 1390 redii
1634 1344 1854 1391 intestini.

337 1497 366 1545 s
391 1498 399 1507 .
467 1433 539 1485 lb.
565 1448 666 1479 ann.
691 1430 750 1479 ΙΙ.
782 1428 862 1488 obsi
892 1439 996 1487 174.
1035 1426 1347 1497 fetus—absque
1384 1429 1506 1489 galea
1540 1426 1681 1472 cranii
1709 1441 1788 1486 per
1811 1423 2017 1473 foramen
2048 1425 2100 1472 in
2125 1426 2296 1473 cervice
2326 1441 2395 1472 re-

338 1542 342 1545 .
357 1514 524 1560 pirans.

466 1579 542 1640 EJ-
582 1576 766 1639 Eptstola
791 1573 844 1620 de
865 1573 1005 1636 puella
1025 1572 1116 1631 fine
1148 1572 1316 1620 cerebro
1341 1584 1449 1619 mita
1472 1569 1624 1618 recusa
1656 1570 1717 1618 est
1742 1571 1792 1617 in
1821 1571 1871 1617 E.
1901 1572 1963 1619 N.
1993 1571 2045 1619 C.
2072 1588 2171 1617 ann.
2192 1570 2277 1623 ΙΙΙ.
2306 1567 2391 1629 obfi

345 1657 448 1700 129.
484 1644 652 1689 iterum
678 1639 808 1687 valde
832 1638 1124 1685 memorabile
1152 1635 1397 1696 scriptum,
1445 1652 1548 1683 cum
1586 1635 1714 1688 aliis,
1761 1647 1860 1681 tum
1895 1635 1949 1681 ab
1989 1635 2175 1688 amicis,
2212 1646 2310 1681 tum
2338 1634 2394 1680 ab

340 1706 435 1770 ipso
459 1707 731 1754 XWEPFERO
764 1701 950 1750 diffeciis
982 1700 1192 1748 monstris
1217 1699 1491 1761 fetubusque
1523 1700 1677 1746 cranio
1707 1701 1748 1745 &
1775 1699 1957 1745 cerebro
1978 1698 2218 1746 destitutis.
2282 1699 2285 1703 ⁴

470 1789 537 1837 Ib.
577 1786 657 1846 obs:
685 1793 788 1843 167.
830 1782 1058 1845 glandulae
1089 1784 1295 1843 leporum
1336 1781 1392 1828 ad
1420 1796 1587 1834 anum,
1624 1779 1754 1840 adipe
1779 1780 1948 1839 plenae,
2003 1797 2106 1827 cum
2130 1778 2223 1827 suis
2251 1778 2397 1825 duffi-

339 1854 445 1906 bus.
512 1852 707 1899 Bulbum
744 1847 943 1896 urethrae
976 1847 1163 1907 ejusque
1190 1846 1426 1907 glandulas
1458 1861 1512 1891 ex
1542 1844 1681 1891 variis
1712 1844 1984 1891 animalibus
2012 1843 2087 1890 hic
2124 1847 2281 1891 auc'tor
2320 1843 2397 1889 de-

338 1917 506 1970 scribit,
539 1912 770 1962 occasione
788 1912 941 1959 arietis
968 1909 1371 1970 hermaphroditici
1395 1907 1426 1955 s.
1457 1908 1609 1968 potius
1624 1906 1809 1953 urethra
1824 1921 1975 1967 aperta
1994 1908 2185 1968 praediti,
2216 1906 2396 1967 qualem

344 1985 384 2027 ἃ
410 1979 501 2042 ipse
530 1979 640 2026 dixi.
709 1976 1013 2025 Prostatarum
1047 1973 1233 2022 succum
1260 1973 1422 2020 semini
1446 1988 1543 2018 non
1574 1969 1767 2021 misceri.
1834 1972 2013 2017 Eximia
2043 1969 2300 2017 differtatiO.

473 2067 574 2108 Dec.
595 2061 654 2107 ΙΙ.
690 2077 790 2106 mm.
811 2059 894 2105 VI.
931 2057 1016 2117 obs}
1046 2069 1148 2115 117.
1185 2056 1307 2103 cervi
1335 2052 1541 2102 veficulae
1572 2050 1808 2099 seminales
1836 2053 1877 2100 ἃ
1905 2050 2010 2099 vasa
2036 2050 2299 2098 deferentia.

474 2142 566 2203 obst
597 2148 698 2196 118.
734 2142 820 2188 viae
851 2141 1114 2192 lacrumales
1144 2138 1280 2185 cervi.

469 2226 585 2271 Anu.
604 2224 732 2270 VIII.
768 2222 850 2282 obs.
876 2228 950 2276 68.
985 2221 1183 2268 historiae
1210 2219 1453 2266 hominum
1483 2217 1587 2265 cibo
1619 2215 1957 2264 abstinentium.

466 2306 575 2354 Vita
595 2306 683 2354 viri
708 2323 733 2353 a
761 2307 803 2368 J.
831 2306 882 2352 C.
900 2305 1151 2352 BRUNNER
1176 2301 1356 2364 scripta,
1382 2300 1605 2363 reperitur
1631 2300 1681 2347 in
1701 2303 1806 2347 Dec.
1829 2298 1912 2346 111.
1940 2314 2040 2347 ann.
2067 2309 2107 2356 3.
2139 2299 2243 2360 appss

632 2439 676 2498 §.
712 2439 1267 2492 CCCCXXXVIII.
1344 2441 1539 2501 Georgim
1579 2437 1810 2504 Woffigung
1840 2437 2086 2490 WEDEL‚

471 2535 691 2587 Professor
716 2539 918 2599 Jenenfis
938 2575 950 2594 ,
999 2537 1154 2587 socrus
1182 2554 1298 2585 meac
1324 2534 1525 2583 sororem
1550 2535 1599 2582 in
1636 2535 1930 2582 matrimonio
1955 2532 2146 2585 habuit,
2193 2526 2273 2578 etfi
2299 2528 2394 2591 Jam

342 2620 463 2652 anno
490 2607 623 2661 1658.
655 2599 828 2662 scriptis
853 2605 1073 2651 innotuit.
1159 2603 1272 2650 Non
1299 2600 1452 2647 deerat
1481 2599 1710 2646 honorato
1737 2601 1838 2646 viro
1868 2597 2133 2659 ingenium,
2175 2609 2272 2640 non
2307 2594 2396 2640 lin-

340 2684 533 2732 guarum
565 2666 750 2727 peritia,
778 2682 926 2726 neque
952 2665 1132 2714 fervens
1160 2666 1314 2719 labor,
1349 2680 1513 2726 magno
1531 2664 1665 2710 etiam
1693 2664 1743 2710 in
1767 2661 2003 2722 frequente
2023 2657 2261 2705 Academia
2289 2673 2394 2704 cum

340 2730 557 2795 applausu
588 2746 665 2791 per
703 2729 942 2776 dimidium
982 2729 1181 2777 seculum
1217 2730 1387 2776 docuit·
1463 2728 1633 2774 Verum
1669 2729 1711 2772 ei
1739 2724 1914 2772 summa
1944 2722 2108 2769 accidit
2136 2722 2393 2774 calamitas,

341 2814 442 2858 quae
468 2796 604 2842 etiam
636 2793 831 2840 aliorum
861 2795 1090 2839 bonorum
1124 2795 1412 2854 ingeniorum
1432 2826 1445 2845 ‚
1493 2789 1771 2852 potiffimum
1809 2791 1857 2834 in
1894 2786 2137 2833 Germania
2173 2786 2396 2846 impetum

343 2858 564 2921 depreffit.
633 2859 688 2904 In
720 2873 881 2904 omnes
914 2873 1075 2917 nempe
1102 2858 1209 2902 dum
1239 2857 1471 2902 medicinae
1498 2866 1645 2915 partes
1673 2851 1720 2898 se
1742 2849 1984 2903 diffundit,
2023 2852 2064 2896 ἃ
2097 2865 2154 2895 ne
2193 2848 2395 2909 antiqui-

340 2937 456 2976 tates
490 2922 671 2983 quidem
710 2922 932 2982 praeterit,
979 2936 1074 2965 non
1110 2921 1261 2981 potuit
1304 2920 1474 2979 ubique
1516 2929 1724 2962 naturam
1767 2913 1910 2979 ipsam
1939 2912 2174 2963 consulere
2199 2931 2213 2960 ι
2254 2926 2396 2972 eaque

341 2989 492 3038 minor
516 2987 602 3034 viri
630 2986 792 3048 peritia
821 2986 871 3033 in
895 2996 1103 3042 anatome
1125 2985 1316 3030 maxime
1342 2981 1580 3042 conspicua
1604 2979 1681 3043 est!

2266 3040 2392 3103 EJus
