2556 3442
834 146 1023 228 §.¹3‘59j'¹⁴
1050 149 1168 202 G'A
1203 153 1240 201 L
1276 153 1317 201 E
1349 154 1399 207 N
1430 152 1478 204 U
1509 155 1559 204 S.
2044 153 2047 155 ’
2110 140 2223 229 ”99

228 344 231 347 ,
301 291 357 340 ln
374 292 521 341 Libro·
536 290 621 340 VI.
657 290 762 353 (q),
807 291 934 352 jecur
969 286 1051 335 effe
1077 289 1352 350 principium
1376 299 1595 338 venarum
1627 303 1784 340 contra
1812 296 2216 355 ERAsmTRATUM

139 398 144 402 .
171 358 217 404 ἃ
243 356 502 404 PELOPEM.
569 357 638 403 Ex
662 354 782 401 fetus
803 350 1083 413 potiffimum
1108 355 1314 413 exemplo
1338 351 1609 401 sententiam
1641 352 1767 401 suam
1798 370 1979 417 tuetur,
2017 378 2120 415 tum
2158 386 2216 418 ex

169 421 456 472 valvulatum
482 419 655 472 ductu,
690 433 791 476 qua:
819 432 876 464 ex
897 414 1058 475 hepate
1092 417 1143 462 in
1177 433 1254 464 cor
1289 415 1558 478 sanguinem
1583 417 1855 474 admittant,
1903 439 1999 471 non
2037 445 2212 480 contra.

166 482 391 537 Meatum,
424 498 559 543 quem
584 496 700 528 vena
727 495 836 526 cava
862 479 917 526 ad
943 496 1021 526 cor
1046 479 1148 533 dat,
1183 478 1371 540 pulsare.
1428 481 1609 529 Venam
1637 498 1792 530 cavam
1823 500 1848 531 a
1870 485 2019 546 jecore
2038 492 2215 542 adscen-

171 545 275 593 dere
297 580 313 601 ,
345 544 600 623 dareacordi
621 558 829 596 ramum,
864 543 971 590 inde
992 540 1169 589 sursum
1198 560 1397 604 pergere.

296 642 393 690 Lib.
415 639 521 687 VII.
559 637 656 692 (ν),
706 655 731 685 a
761 639 944 686 cerebro
986 655 1152 686 nervos
1188 632 1311 686 oriri.
1381 640 1545 700 Aliqua
1585 641 1639 687 de
1671 643 1806 689 oculo
1847 645 1890 691 &
1919 642 2035 692 visu.
2103 648 2213 697 Non

166 700 309 767 priue'
336 701 512 749 sensum
557 703 599 748 8c
640 714 819 749 motum
868 704 1011 764 perire
1043 737 1057 756 ,
1119 719 1253 763 quam
1297 705 1462 764 apertis
1505 706 1770 753 ventriculis
1825 708 2009 754 cerebri.
2101 710 2212 757 Ner-

165 785 275 817 vum
309 778 460 813 totum
498 767 664 827 vagina
705 782 731 812 a
766 765 879 813 dura
917 779 1063 830 matre
1099 767 1298 814 obvolvi.
1370 767 1427 814 In
1460 767 1671 815 universa
1706 769 1903 817 medulla
1943 769 2093 818 sedem
2136 773 2215 820 effe

164 832 339 883 animae.

249 921 254 929 ”
294 925 392 972 Lib.
421 925 551 972 VIII.
602 926 674 972 De
702 937 901 986 quatuor
938 926 1170 977 elementis
1202 927 1531 976 HIPPOCRATl
1567 927 1700 976 dietis
1744 931 1786 977 ἃ
1815 930 2053 979 PLATONI
2087 934 2214 993 (5),

160 989 215 1037 de
244 1001 441 1049 quatuor
466 987 738 1036 humoribus
770 990 951 1051 primis,
986 991 1152 1050 pariter
1182 991 1508 1038 HIPPOCRATI
1545 992 1689 1039 dietis.

285 1086 423 1133 Libro
447 1086 532 1144 IX.
567 1084 961 1137 variartheoretica
992 1087 1312 1140 continentur,
1344 1085 1398 1131 de
1421 1086 1639 1134 methodo
1666 1088 1949 1143 inveniendi,
1984 1088 2067 1137 nisi
2088 1092 2215 1151 quod}

159 1151 364 1210 exempla
394 1165 449 1195 ex
478 1149 702 1196 medicina
725 1147 878 1196 sumit.
2109 1178 2113 1181 ι

288 1245 447 1292 Codex
472 1262 641 1305 graecus
663 1245 802 1291 exstat
822 1246 871 1291 in
897 1247 945 1292 Β.
961 1245 1002 1293 S.
1017 1247 1207 1300 MARCI,
1245 1258 1405 1307 praeter
1432 1245 1602 1293 librum
1625 1247 1659 1294 I.
1686 1249 1728 1295 ἃ
1745 1263 1916 1309 graecus
1936 1249 1987 1296 in
2011 1249 2210 1298 Parilina

157 1325 204 1357 n.
230 1316 370 1368 2278.
425 1309 552 1356 Libri
573 1309 656 1355 IV.
685 1309 734 1355 in
765 1310 864 1356 Coll.
898 1310 992 1367 Caj.
1018 1310 1241 1358 GONVIL.
1278 1310 1572 1372 Cantabrigiae.
2193 1312 2197 1318 ’

288 1406 509 1452 Vertentc
535 1409 582 1459 J.
602 1407 727 1463 Rern.
743 1405 1027 1453 FELICIANO
1044 1406 1211 1465 prodiit
1244 1404 1419 1453 Bafileae
1446 1419 1496 1463 15
1511 1419 1578 1461 50.
1598 1406 1689 1453 16⁰.
1719 1408 1934 1469 Lugduni
1955 1421 2088 1467 1550.
2109 1412 2206 1455 16⁹.

157 1469 379 1516 Vertente
401 1469 441 1529 J.
471 1469 769 1515 GUNTHERO
797 1468 972 1515 Pariliis
1004 1481 1136 1527 1534
1173 1468 1254 1515 fol.
1320 1471 1453 1516 Liber
1477 1471 1512 1516 I.
1553 1468 1674 1517 solus
1707 1472 1747 1532 J.
1788 1472 1920 1532 CAJO
1962 1473 2209 1532 interprete

156 1535 328 1580 Lovan.
359 1543 412 1588 15
424 1537 493 1588 56.
534 1536 596 1585 8⁰.
634 1533 799 1578 GUNZ.
867 1533 1022 1579 Graece
1048 1531 1174 1579 Bam.
1204 1544 1339 1593 1544.
1370 1546 1558 1580 curante
1585 1535 1629 1597 J.
1661 1534 1794 1596 CAJo
1831 1551 1937 1582 cum
1974 1538 2004 1583 l.
2044 1537 2099 1582 de
2132 1537 2207 1583 ad-

156 1595 562 1644 ministrationibus
601 1597 643 1642 &
674 1593 986 1642 musculorum
1017 1608 1163 1644 motu.

285 1695 356 1738 De
379 1691 668 1753 simultatibus
710 1692 984 1739 naturalibus
1027 1692 1132 1740 libri
1168 1694 1250 1740 III.
1291 1693 1416 1752 (t),
1469 1692 1628 1742 Thomu
1658 1696 1894 1743 LINACRO
1922 1697 2207 1757 interprete,

156 1755 383 1802 emendati
413 1755 469 1800 ad
499 1772 748 1816 graecorum
769 1757 1094 1815 exemplarium
1111 1756 1247 1803 fidem
1270 1757 1325 1803 ab
1356 1762 1618 1818 Hieronymo
1632 1760 1998 1807 DONZELLINO.
2068 1759 2207 1821 Aspe-

150 1835 198 1865 τέ
212 1817 286 1864 hio
309 1830 467 1865 con-tra
482 1820 878 1866 ERA81STRATUM
899 1819 1076 1873 scribit,
1113 1833 1167 1867 ut
1180 1819 1270 1880 ipse
1290 1819 1457 1867 fatetur
1478 1838 1514 1867 c.
1533 1835 1578 1880 7.
1608 1823 1682 1868 cui
1702 1823 1907 1882 alioquin
1930 1840 2111 1882 parcere
2136 1823 2206 1870 so-

149 1883 237 1935 let,
272 1893 372 1929 tum
389 1884 911 1930 contraAsctrmAnEM
929 1917 942 1936 ‚
979 1901 1174 1943 quorum
1194 1886 1323 1930 illum
1352 1884 1542 1938 accusat,
1572 1885 1695 1945 quod
1719 1884 1896 1932 silentio
1912 1888 2207 1934 Hmpocnn-

128 1954 269 1993 ''1'ch
284 1946 444 2005 placita
459 1947 711 2005 opprimere
723 1948 933 1993 voluerit.
1001 1947 1113 1993 Inde
1137 1950 1418 2007 peculiariter
1451 1948 1503 1993 de
1523 1949 1799 1995 atdtratftione
1816 1950 2034 2003 alimenti5
2068 1952 2204 1997 etiam

151 2009 454 2062 excrementi,
490 2010 540 2055 in
568 2010 784 2056 renibus:
829 2011 879 2056 in
904 2027 980 2057 eos
1005 2010 1123 2057 nihil
1155 2012 1309 2057 venire
1334 2013 1674 2060 ASCLEPIADES
1700 2012 1888 2065 dixerat,
1925 2029 2071 2073 neque
2103 2030 2204 2060 ure-

152 2083 270 2119 teres
300 2071 610 2134 adgnoscebat.
681 2074 923 2121 GALENUS
968 2086 1125 2121 contra
1159 2075 1377 2127 accuratis
1415 2077 1458 2121 Se>
1489 2073 1732 2122 subtilibus
1757 2077 2106 2135 experimentis,
2158 2079 2209 2125 &-

152 2134 339 2182 vine-ulo
369 2137 537 2183 ureteri
561 2137 759 2196 primum
789 2139 872 2184 uni
898 2138 1093 2198 injectO,
1132 2150 1230 2184 tum
1257 2139 1406 2192 alteri,
1443 2137 1666 2192 ostendit,
1709 2140 1870 2199 utique
1900 2141 2065 2200 ligatos
2099 2157 2202 2187 ure-

149 2213 267 2244 reres
297 2199 591 2246 intumescere
630 2217 758 2246 renes
785 2202 905 2248 inter
932 2203 973 2248 &
999 2202 1236 2247 vinculum
1255 2236 1267 2254 ,
1304 2218 1396 2248 una
1427 2199 1615 2247 vesicam
1638 2202 1839 2256 inaniri,-
1892 2201 2069 2250 solutos
2099 2220 2202 2250 ure-

150 2270 266 2307 t'eres
300 2262 462 2307 lotium
490 2264 537 2308 in
565 2262 750 2309 vesicam
780 2264 964 2310 reddere
983 2298 995 2317 ,
1032 2263 1236 2324 praecisos
1261 2267 1380 2311 inter
1410 2265 1715 2325 peritonaeum
1733 2266 2006 2313 &intestina
2035 2268 2201 2314 lotium

148 2319 405 2377 effundere,
440 2337 551 2372 tunc
583 2327 747 2373 iterum
772 2326 958 2373 vesicam
986 2329 1167 2373 inanem
1192 2327 1285 2374 effe.
1356 2327 1578 2375 Defendit
1604 2327 1852 2375 humorum
1872 2329 2199 2377 adtractionem

100 2443 106 2447 p
146 2385 423 2447 specificam,
459 2400 512 2434 ut
536 2402 708 2435 certum
743 2391 1123 2437 medicamentum
1159 2391 1295 2437 bilem
1324 2391 1485 2445 ducat,
1525 2408 1622 2437 non
1650 2408 1828 2452 aquam.
1897 2394 2198 2446 Omnembi-

143 2452 232 2497 lem
262 2451 459 2510 primum
485 2452 534 2498 in
562 2451 803 2498 vesiculam
825 2456 991 2499 venire.
1084 2456 1170 2500 Pro
1203 2467 1399 2514 quatuor
1435 2454 1759 2515 qualitatibus,
1790 2472 1815 2501 a
1839 2457 2006 2516 quibus
2040 2458 2199 2504 onmia

145 2513 392 2576 gignantur
421 2516 461 2561 &
491 2516 787 2575 perimantur.
856 2516 943 2563 Eas
965 2518 1350 2565 HIPPOCRATEM
1375 2517 1596 2572 docuisse,
1627 2518 1736 2565 inde
1757 2520 2148 2568 ARISTOTELEM.

268 2616 406 2663 Libro
433 2619 492 2665 II.
540 2619 632 2677 agit
662 2618 715 2664 de
749 2617 961 2666 facultate
996 2621 1187 2668 cocstrice
1220 2633 1378 2668 contra
1407 2623 1842 2670 ERASISTRATtJmt
1888 2622 1945 2669 de
1984 2622 2190 2669 alimenti

142 2677 460 2729 distributione
475 2715 490 2737 ,
525 2679 771 2730 secretione
795 2683 928 2738 bilis,
959 2685 1119 2733 urinae.
1177 2685 1254 2796 gt
1281 2684 1402 2733 succi
1423 2685 1563 2740 fiant,
1599 2702 1625 2732 a
1649 2688 1799 2734 colore
1821 2685 1983 2734 innato
2004 2687 2189 2733 alimen-

1263 2760 1294 2797 2
2087 2761 2186 2795 tum

189 2876 257 2929 (q)
283 2878 386 2920 Citat
411 2879 475 2924 lib.
508 2881 556 2922 de
585 2884 834 2923 naturalibus·
853 2881 1127 2934 fizcultatihtcs.

192 2931 248 2980 (r)
277 2930 376 2972 Citat
403 2933 544 2974 librum
572 2936 622 2975 de
649 2934 939 2988 dzffielionihus.

190 2983 247 3033 (s)
275 2982 374 3024 Citat
391 2984 527 3025 librum
545 2988 594 3027 de
610 2990 794 3028 elementis
801 2989 1020 3042 secundum
1032 2987 1238 3036 Hmocss.
1264 2990 1517 3038 commentar,
1537 2993 1581 3031 in
1589 2987 1748 3045 fiptenn
1771 2988 1815 3036 11.
1842 2980 2175 3040 Aphorzsmorum.

189 3036 245 3087 (t)
272 3036 372 3077 Citat
397 3038 514 3078 etiam
537 3039 586 3080 de
609 3043 692 3086 ord.
724 3043 791 3092 leg.
816 3044 906 3088 libr,
937 3044 974 3082 ἃ,
997 3041 1039 3081 in
1064 3049 1163 3087 arte.
