<?xml version="1.0" encoding="UTF-8"?>
<!DOCTYPE html PUBLIC "-//W3C//DTD XHTML 1.0 Transitional//EN"
    "http://www.w3.org/TR/xhtml1/DTD/xhtml1-transitional.dtd">
<html xmlns="http://www.w3.org/1999/xhtml" xml:lang="en" lang="en">
 <head>
  <title>
</title>
<meta http-equiv="Content-Type" content="text/html;charset=utf-8" />
  <meta name='ocr-system' content='tesseract 3.04.00' />
  <meta name='ocr-capabilities' content='ocr_page ocr_carea ocr_par ocr_line ocrx_word'/>
</head>
<body>
  <div class='ocr_page' id='page_1' title='image "bibliothecaanato01hall_0214.png"; bbox 0 0 2556 3442; ppageno 0'>
   <div class='ocr_carea' id='block_1_1' title="bbox 317 117 2113 175">
    <p class='ocr_par' dir='ltr' id='par_1_1' title="bbox 317 117 2113 175">
     <span class='ocr_line' id='line_1_1' title="bbox 317 117 2113 175; baseline -0.002 0"><span class='ocrx_word' id='word_1_1' title='bbox 317 137 413 175; x_wconf 77' lang='lat'>200</span> <span class='ocrx_word' id='word_1_2' title='bbox 596 127 878 175; x_wconf 59' lang='lat' dir='ltr'>tra-LV.</span> <span class='ocrx_word' id='word_1_3' title='bbox 946 117 1619 171; x_wconf 85' lang='lat' dir='ltr'>RESTAURATORES</span> <span class='ocrx_word' id='word_1_4' title='bbox 1662 119 2113 171; x_wconf 79' lang='lat' dir='ltr'>ANATQMES.</span> 
     </span>
    </p>
   </div>
   <div class='ocr_carea' id='block_1_2' title="bbox 319 247 2450 392">
    <p class='ocr_par' dir='ltr' id='par_1_2' title="bbox 319 247 2450 392">
     <span class='ocr_line' id='line_1_2' title="bbox 450 247 2450 317; baseline -0.002 -14"><span class='ocrx_word' id='word_1_5' title='bbox 450 257 501 303; x_wconf 90' lang='lat' dir='ltr'>L.</span> <span class='ocrx_word' id='word_1_6' title='bbox 526 254 705 302; x_wconf 86' lang='lat' dir='ltr'><strong>XVIII.</strong></span> <span class='ocrx_word' id='word_1_7' title='bbox 743 254 900 301; x_wconf 87' lang='lat' dir='ltr'>Homo</span> <span class='ocrx_word' id='word_1_8' title='bbox 918 249 1159 313; x_wconf 83' lang='lat' dir='ltr'>sylvestris,</span> <span class='ocrx_word' id='word_1_9' title='bbox 1193 249 1398 309; x_wconf 86' lang='lat' dir='ltr'>degener.</span> <span class='ocrx_word' id='word_1_10' title='bbox 1455 247 1751 311; x_wconf 81' lang='lat' dir='ltr'>Pyrophorus</span> <span class='ocrx_word' id='word_1_11' title='bbox 1772 265 1828 295; x_wconf 88' lang='lat' dir='ltr'>ex</span> <span class='ocrx_word' id='word_1_12' title='bbox 1851 248 2071 311; x_wconf 82' lang='lat' dir='ltr'>sanguine</span> <span class='ocrx_word' id='word_1_13' title='bbox 2089 248 2294 301; x_wconf 86' lang='lat' dir='ltr'>humano</span> <span class='ocrx_word' id='word_1_14' title='bbox 2312 271 2389 317; x_wconf 80' lang='lat' dir='ltr'>pa-</span> <span class='ocrx_word' id='word_1_15' title='bbox 2447 314 2450 317; x_wconf 13' lang='grc' dir='ltr'>ι</span> 
     </span>
     <span class='ocr_line' id='line_1_3' title="bbox 319 311 2137 392; baseline -0.006 -23"><span class='ocrx_word' id='word_1_16' title='bbox 319 332 460 369; x_wconf 76' lang='lat' dir='ltr'>ratus.</span> <span class='ocrx_word' id='word_1_17' title='bbox 516 321 781 392; x_wconf 56' lang='grc' dir='ltr'>ιῙΟΗΑῌΝΒ</span> <span class='ocrx_word' id='word_1_18' title='bbox 805 317 1090 365; x_wconf 85' lang='lat' dir='ltr'>calculatoris</span> <span class='ocrx_word' id='word_1_19' title='bbox 1114 311 1308 376; x_wconf 70' lang='lat' dir='ltr'>perfecta</span> <span class='ocrx_word' id='word_1_20' title='bbox 1334 314 1521 361; x_wconf 87' lang='lat' dir='ltr'>oblivio.</span> <span class='ocrx_word' id='word_1_21' title='bbox 1580 315 1633 362; x_wconf 92' lang='lat' dir='ltr'>Se</span> <span class='ocrx_word' id='word_1_22' title='bbox 1665 316 1809 360; x_wconf 68' lang='lat' dir='ltr'>noCtu</span> <span class='ocrx_word' id='word_1_23' title='bbox 1842 313 2011 361; x_wconf 83' lang='lat' dir='ltr'>videre.</span> <span class='ocrx_word' id='word_1_24' title='bbox 2132 340 2137 341; x_wconf 30' lang='grc' dir='ltr'><em>ν</em></span> 
     </span>
    </p>
   </div>
   <div class='ocr_carea' id='block_1_3' title="bbox 322 410 2389 546">
    <p class='ocr_par' dir='ltr' id='par_1_3' title="bbox 322 410 2389 546">
     <span class='ocr_line' id='line_1_4' title="bbox 392 410 2389 474; baseline -0.001 -9"><span class='ocrx_word' id='word_1_25' title='bbox 392 440 395 443; x_wconf 95' lang='grc'><strong><em>·</em></strong></span> <span class='ocrx_word' id='word_1_26' title='bbox 449 418 603 465; x_wconf 86' lang='lat' dir='ltr'>Multa</span> <span class='ocrx_word' id='word_1_27' title='bbox 625 416 745 464; x_wconf 89' lang='lat' dir='ltr'>vidit</span> <span class='ocrx_word' id='word_1_28' title='bbox 770 416 842 463; x_wconf 88' lang='lat' dir='ltr'>vir</span> <span class='ocrx_word' id='word_1_29' title='bbox 865 412 1069 462; x_wconf 86' lang='lat' dir='ltr'>curiosus</span> <span class='ocrx_word' id='word_1_30' title='bbox 1100 414 1142 458; x_wconf 89' lang='lat'>&amp;</span> <span class='ocrx_word' id='word_1_31' title='bbox 1169 410 1479 471; x_wconf 80' lang='lat' dir='ltr'>peregrinator</span> <span class='ocrx_word' id='word_1_32' title='bbox 1495 447 1509 466; x_wconf 94' lang='lat'>,</span> <span class='ocrx_word' id='word_1_33' title='bbox 1546 413 1589 459; x_wconf 84' lang='lat'>&amp;</span> <span class='ocrx_word' id='word_1_34' title='bbox 1613 410 1757 459; x_wconf 84' lang='lat' dir='ltr'>multa</span> <span class='ocrx_word' id='word_1_35' title='bbox 1784 413 1918 474; x_wconf 86' lang='lat' dir='ltr'>legit,</span> <span class='ocrx_word' id='word_1_36' title='bbox 1955 428 2055 460; x_wconf 88' lang='lat' dir='ltr'>non</span> <span class='ocrx_word' id='word_1_37' title='bbox 2074 424 2228 462; x_wconf 84' lang='lat' dir='ltr'>tamen</span> <span class='ocrx_word' id='word_1_38' title='bbox 2254 415 2389 465; x_wconf 86' lang='lat' dir='ltr'>debet</span> 
     </span>
     <span class='ocr_line' id='line_1_5' title="bbox 322 474 2382 546; baseline -0.01 -16"><span class='ocrx_word' id='word_1_39' title='bbox 322 483 365 530; x_wconf 81' lang='lat' dir='ltr'>ei</span> <span class='ocrx_word' id='word_1_40' title='bbox 393 482 561 546; x_wconf 69' lang='lat' dir='ltr'>absque</span> <span class='ocrx_word' id='word_1_41' title='bbox 591 483 765 529; x_wconf 87' lang='lat' dir='ltr'>cautela</span> <span class='ocrx_word' id='word_1_42' title='bbox 791 481 986 542; x_wconf 84' lang='lat' dir='ltr'>plurima</span> <span class='ocrx_word' id='word_1_43' title='bbox 1012 476 1124 525; x_wconf 83' lang='lat' dir='ltr'>fides</span> <span class='ocrx_word' id='word_1_44' title='bbox 1149 474 1367 521; x_wconf 85' lang='lat' dir='ltr'>adtribui.</span> <span class='ocrx_word' id='word_1_45' title='bbox 2377 498 2382 500; x_wconf 89' lang='lat'><em>-</em></span> 
     </span>
    </p>
   </div>
   <div class='ocr_carea' id='block_1_4' title="bbox 321 570 2397 1470">
    <p class='ocr_par' dir='ltr' id='par_1_4' title="bbox 321 570 2397 1470">
     <span class='ocr_line' id='line_1_6' title="bbox 450 570 2388 642; baseline -0.002 -14"><span class='ocrx_word' id='word_1_46' title='bbox 450 581 506 628; x_wconf 92' lang='lat' dir='ltr'>In</span> <span class='ocrx_word' id='word_1_47' title='bbox 520 581 617 642; x_wconf 77' lang='lat' dir='ltr'>ejus</span> <span class='ocrx_word' id='word_1_48' title='bbox 633 578 782 627; x_wconf 87' lang='lat' dir='ltr'>Libris</span> <span class='ocrx_word' id='word_1_49' title='bbox 804 591 875 635; x_wconf 87' lang='lat'>17.</span> <span class='ocrx_word' id='word_1_50' title='bbox 898 575 950 622; x_wconf 82' lang='lat' dir='ltr'>de</span> <span class='ocrx_word' id='word_1_51' title='bbox 966 578 1183 622; x_wconf 76' lang='lat' dir='ltr'>varietate</span> <span class='ocrx_word' id='word_1_52' title='bbox 1198 588 1361 626; x_wconf 78' lang='lat' dir='ltr'>rerum,</span> <span class='ocrx_word' id='word_1_53' title='bbox 1395 570 1510 632; x_wconf 75' lang='lat' dir='ltr'>saepe</span> <span class='ocrx_word' id='word_1_54' title='bbox 1534 572 1706 621; x_wconf 85' lang='lat' dir='ltr'>excusis</span> <span class='ocrx_word' id='word_1_55' title='bbox 1725 576 1767 621; x_wconf 85' lang='lat'>&amp;</span> <span class='ocrx_word' id='word_1_56' title='bbox 1791 591 1912 621; x_wconf 87' lang='lat' dir='ltr'>anno</span> <span class='ocrx_word' id='word_1_57' title='bbox 1932 586 2068 634; x_wconf 82' lang='lat'>1550.</span> <span class='ocrx_word' id='word_1_58' title='bbox 2088 573 2168 622; x_wconf 90' lang='lat' dir='ltr'>fol.</span> <span class='ocrx_word' id='word_1_59' title='bbox 2206 574 2388 626; x_wconf 80' lang='lat' dir='ltr'>&amp;BafiL</span> 
     </span>
     <span class='ocr_line' id='line_1_7' title="bbox 326 634 2392 704; baseline -0.001 -13"><span class='ocrx_word' id='word_1_60' title='bbox 326 657 382 704; x_wconf 85' lang='lat'>15</span> <span class='ocrx_word' id='word_1_61' title='bbox 392 657 464 703; x_wconf 81' lang='lat'>57.</span> <span class='ocrx_word' id='word_1_62' title='bbox 501 642 646 698; x_wconf 83' lang='lat' dir='ltr'>fol.*,</span> <span class='ocrx_word' id='word_1_63' title='bbox 683 660 783 704; x_wconf 82' lang='lat' dir='ltr'>quae</span> <span class='ocrx_word' id='word_1_64' title='bbox 814 640 960 687; x_wconf 76' lang='lat' dir='ltr'>nitida</span> <span class='ocrx_word' id='word_1_65' title='bbox 981 639 1042 685; x_wconf 88' lang='lat' dir='ltr'>est</span> <span class='ocrx_word' id='word_1_66' title='bbox 1069 637 1207 683; x_wconf 86' lang='lat' dir='ltr'>editio</span> <span class='ocrx_word' id='word_1_67' title='bbox 1227 671 1239 689; x_wconf 96' lang='lat'>,</span> <span class='ocrx_word' id='word_1_68' title='bbox 1287 652 1391 683; x_wconf 88' lang='lat' dir='ltr'>cum</span> <span class='ocrx_word' id='word_1_69' title='bbox 1422 634 1585 696; x_wconf 86' lang='lat' dir='ltr'>scopus</span> <span class='ocrx_word' id='word_1_70' title='bbox 1622 640 1819 685; x_wconf 70' lang='lat' dir='ltr'>auctoris</span> <span class='ocrx_word' id='word_1_71' title='bbox 1855 637 1936 693; x_wconf 85' lang='lat' dir='ltr'>fit,</span> <span class='ocrx_word' id='word_1_72' title='bbox 1987 640 2205 687; x_wconf 86' lang='lat' dir='ltr'>miracula</span> <span class='ocrx_word' id='word_1_73' title='bbox 2236 657 2392 688; x_wconf 87' lang='lat' dir='ltr'>rerum</span> 
     </span>
     <span class='ocr_line' id='line_1_8' title="bbox 323 701 2392 769; baseline -0.001 -14"><span class='ocrx_word' id='word_1_74' title='bbox 323 708 597 762; x_wconf 82' lang='lat' dir='ltr'>describere,</span> <span class='ocrx_word' id='word_1_75' title='bbox 635 705 836 769; x_wconf 78' lang='lat' dir='ltr'>pluscula</span> <span class='ocrx_word' id='word_1_76' title='bbox 865 704 956 750; x_wconf 89' lang='lat' dir='ltr'>huc</span> <span class='ocrx_word' id='word_1_77' title='bbox 986 702 1228 763; x_wconf 81' lang='lat' dir='ltr'>pertinent.</span> <span class='ocrx_word' id='word_1_78' title='bbox 1296 701 1432 747; x_wconf 87' lang='lat' dir='ltr'>Liber</span> <span class='ocrx_word' id='word_1_79' title='bbox 1459 701 1644 760; x_wconf 87' lang='lat' dir='ltr'>quidem</span> <span class='ocrx_word' id='word_1_80' title='bbox 1674 701 1782 747; x_wconf 85' lang='lat' dir='ltr'><strong>VII.</strong></span> <span class='ocrx_word' id='word_1_81' title='bbox 1821 706 1915 763; x_wconf 81' lang='lat' dir='ltr'>agit</span> <span class='ocrx_word' id='word_1_82' title='bbox 1957 704 2009 750; x_wconf 89' lang='lat' dir='ltr'>de</span> <span class='ocrx_word' id='word_1_83' title='bbox 2039 705 2313 753; x_wconf 74' lang='lat' dir='ltr'>animalibus</span> <span class='ocrx_word' id='word_1_84' title='bbox 2347 708 2392 754; x_wconf 89' lang='lat'>&amp;</span> 
     </span>
     <span class='ocr_line' id='line_1_9' title="bbox 323 764 2391 833; baseline -0.002 -12"><span class='ocrx_word' id='word_1_85' title='bbox 323 774 379 820; x_wconf 86' lang='lat' dir='ltr'>de</span> <span class='ocrx_word' id='word_1_86' title='bbox 409 774 466 820; x_wconf 87' lang='lat' dir='ltr'>iis</span> <span class='ocrx_word' id='word_1_87' title='bbox 492 791 592 833; x_wconf 78' lang='lat' dir='ltr'>quae</span> <span class='ocrx_word' id='word_1_88' title='bbox 617 789 672 818; x_wconf 83' lang='lat' dir='ltr'>ex</span> <span class='ocrx_word' id='word_1_89' title='bbox 696 768 967 817; x_wconf 73' lang='lat' dir='ltr'>animalibus</span> <span class='ocrx_word' id='word_1_90' title='bbox 988 765 1325 827; x_wconf 86' lang='lat' dir='ltr'>producuntur.</span> <span class='ocrx_word' id='word_1_91' title='bbox 1394 764 1665 812; x_wconf 83' lang='lat' dir='ltr'>Fecunditas</span> <span class='ocrx_word' id='word_1_92' title='bbox 1686 765 1987 812; x_wconf 87' lang='lat' dir='ltr'>animalium:</span> <span class='ocrx_word' id='word_1_93' title='bbox 2040 769 2251 816; x_wconf 84' lang='lat' dir='ltr'>animalia</span> <span class='ocrx_word' id='word_1_94' title='bbox 2289 786 2391 830; x_wconf 76' lang='lat' dir='ltr'>quae</span> 
     </span>
     <span class='ocr_line' id='line_1_10' title="bbox 325 827 2390 899; baseline -0.006 -14"><span class='ocrx_word' id='word_1_95' title='bbox 325 837 498 899; x_wconf 80' lang='lat' dir='ltr'>lapides</span> <span class='ocrx_word' id='word_1_96' title='bbox 521 837 757 883; x_wconf 83' lang='lat' dir='ltr'>devorant.</span> <span class='ocrx_word' id='word_1_97' title='bbox 828 833 1004 879; x_wconf 84' lang='lat' dir='ltr'>Sexus:</span> <span class='ocrx_word' id='word_1_98' title='bbox 1040 841 1172 883; x_wconf 77' lang='lat' dir='ltr'>aetas,</span> <span class='ocrx_word' id='word_1_99' title='bbox 1210 827 1485 890; x_wconf 87' lang='lat' dir='ltr'>pubescendi</span> <span class='ocrx_word' id='word_1_100' title='bbox 1513 842 1718 890; x_wconf 87' lang='lat' dir='ltr'>tempus,</span> <span class='ocrx_word' id='word_1_101' title='bbox 1752 831 2033 890; x_wconf 84' lang='lat' dir='ltr'>propagatio.</span> <span class='ocrx_word' id='word_1_102' title='bbox 2101 833 2237 894; x_wconf 88' lang='lat' dir='ltr'>Julus</span> <span class='ocrx_word' id='word_1_103' title='bbox 2266 832 2390 880; x_wconf 74' lang='lat' dir='ltr'>disse..</span> 
     </span>
     <span class='ocr_line' id='line_1_11' title="bbox 324 891 2392 952; baseline -0.002 -4"><span class='ocrx_word' id='word_1_104' title='bbox 324 904 423 948; x_wconf 67' lang='lat' dir='ltr'>dius</span> <span class='ocrx_word' id='word_1_105' title='bbox 451 902 502 948; x_wconf 90' lang='lat' dir='ltr'>in</span> <span class='ocrx_word' id='word_1_106' title='bbox 529 898 702 947; x_wconf 80' lang='lat' dir='ltr'>diversa</span> <span class='ocrx_word' id='word_1_107' title='bbox 734 895 956 943; x_wconf 79' lang='lat' dir='ltr'>discurrit.</span> <span class='ocrx_word' id='word_1_108' title='bbox 1026 895 1131 941; x_wconf 84' lang='lat' dir='ltr'>Alas</span> <span class='ocrx_word' id='word_1_109' title='bbox 1155 894 1305 940; x_wconf 88' lang='lat' dir='ltr'>cordis</span> <span class='ocrx_word' id='word_1_110' title='bbox 1341 896 1548 952; x_wconf 86' lang='lat' dir='ltr'>(aures)</span> <span class='ocrx_word' id='word_1_111' title='bbox 1585 893 1794 940; x_wconf 89' lang='lat' dir='ltr'>omnium</span> <span class='ocrx_word' id='word_1_112' title='bbox 1819 891 2083 941; x_wconf 84' lang='lat' dir='ltr'>noviffimas</span> <span class='ocrx_word' id='word_1_113' title='bbox 2117 898 2168 942; x_wconf 89' lang='lat' dir='ltr'>in</span> <span class='ocrx_word' id='word_1_114' title='bbox 2199 898 2392 944; x_wconf 84' lang='lat' dir='ltr'>animale</span> 
     </span>
     <span class='ocr_line' id='line_1_12' title="bbox 321 958 2394 1023; baseline -0.002 -10"><span class='ocrx_word' id='word_1_115' title='bbox 321 965 518 1013; x_wconf 85' lang='lat' dir='ltr'>moveri.</span> <span class='ocrx_word' id='word_1_116' title='bbox 589 965 824 1023; x_wconf 84' lang='lat' dir='ltr'>Serpentes</span> <span class='ocrx_word' id='word_1_117' title='bbox 848 959 1032 1006; x_wconf 87' lang='lat' dir='ltr'>dociles.</span> <span class='ocrx_word' id='word_1_118' title='bbox 1100 959 1327 1005; x_wconf 73' lang='lat' dir='ltr'>Animalia</span> <span class='ocrx_word' id='word_1_119' title='bbox 1353 958 1587 1005; x_wconf 84' lang='lat' dir='ltr'>cornubus</span> <span class='ocrx_word' id='word_1_120' title='bbox 1610 958 1956 1018; x_wconf 76' lang='lat' dir='ltr'>multiplicibus.</span> <span class='ocrx_word' id='word_1_121' title='bbox 2039 960 2195 1019; x_wconf 80' lang='lat' dir='ltr'>Equus</span> <span class='ocrx_word' id='word_1_122' title='bbox 2229 962 2394 1008; x_wconf 85' lang='lat' dir='ltr'>andro-</span> 
     </span>
     <span class='ocr_line' id='line_1_13' title="bbox 326 1021 2388 1091; baseline -0.002 -15"><span class='ocrx_word' id='word_1_123' title='bbox 326 1046 504 1091; x_wconf 84' lang='lat' dir='ltr'>gynus,</span> <span class='ocrx_word' id='word_1_124' title='bbox 544 1044 657 1089; x_wconf 89' lang='lat' dir='ltr'>pene</span> <span class='ocrx_word' id='word_1_125' title='bbox 689 1043 743 1072; x_wconf 85' lang='lat' dir='ltr'>ex</span> <span class='ocrx_word' id='word_1_126' title='bbox 773 1025 916 1071; x_wconf 86' lang='lat' dir='ltr'>vulva</span> <span class='ocrx_word' id='word_1_127' title='bbox 946 1023 1199 1084; x_wconf 85' lang='lat' dir='ltr'>prodeunte</span> <span class='ocrx_word' id='word_1_128' title='bbox 1218 1057 1230 1075; x_wconf 86' lang='grc'>,</span> <span class='ocrx_word' id='word_1_129' title='bbox 1267 1023 1348 1083; x_wconf 88' lang='lat' dir='ltr'>qui</span> <span class='ocrx_word' id='word_1_130' title='bbox 1368 1022 1423 1068; x_wconf 86' lang='lat' dir='ltr'>ad</span> <span class='ocrx_word' id='word_1_131' title='bbox 1448 1039 1583 1082; x_wconf 89' lang='lat' dir='ltr'>equas</span> <span class='ocrx_word' id='word_1_132' title='bbox 1604 1021 1859 1069; x_wconf 79' lang='lat' dir='ltr'>hinniebat.</span> <span class='ocrx_word' id='word_1_133' title='bbox 1932 1023 2070 1069; x_wconf 89' lang='lat' dir='ltr'>Canis</span> <span class='ocrx_word' id='word_1_134' title='bbox 2093 1022 2388 1072; x_wconf 80' lang='lat' dir='ltr'>testicondus.</span> 
     </span>
     <span class='ocr_line' id='line_1_14' title="bbox 324 1084 2392 1153; baseline -0.002 -12"><span class='ocrx_word' id='word_1_135' title='bbox 324 1098 445 1141; x_wconf 84' lang='lat' dir='ltr'>Aves</span> <span class='ocrx_word' id='word_1_136' title='bbox 477 1091 713 1153; x_wconf 63' lang='lat' dir='ltr'>hybridae„</span> <span class='ocrx_word' id='word_1_137' title='bbox 749 1085 1031 1151; x_wconf 82' lang='lat' dir='ltr'>potiffimum</span> <span class='ocrx_word' id='word_1_138' title='bbox 1060 1085 1277 1147; x_wconf 78' lang='lat' dir='ltr'>phasiani.</span> <span class='ocrx_word' id='word_1_139' title='bbox 1361 1084 1506 1133; x_wconf 82' lang='lat' dir='ltr'>Pisces</span> <span class='ocrx_word' id='word_1_140' title='bbox 1549 1103 1709 1147; x_wconf 86' lang='lat' dir='ltr'>parum</span> <span class='ocrx_word' id='word_1_141' title='bbox 1742 1084 1908 1132; x_wconf 87' lang='lat' dir='ltr'>habere</span> <span class='ocrx_word' id='word_1_142' title='bbox 1933 1084 2212 1147; x_wconf 84' lang='lat' dir='ltr'>.sanguinis,</span> <span class='ocrx_word' id='word_1_143' title='bbox 2259 1091 2392 1136; x_wconf 66' lang='lat' dir='ltr'>recle.</span> 
     </span>
     <span class='ocr_line' id='line_1_15' title="bbox 326 1149 2392 1210; baseline -0.002 -6"><span class='ocrx_word' id='word_1_144' title='bbox 326 1156 570 1204; x_wconf 84' lang='lat' dir='ltr'>Branchias</span> <span class='ocrx_word' id='word_1_145' title='bbox 594 1155 649 1203; x_wconf 87' lang='lat' dir='ltr'>ad</span> <span class='ocrx_word' id='word_1_146' title='bbox 674 1151 942 1202; x_wconf 85' lang='lat' dir='ltr'>molendum</span> <span class='ocrx_word' id='word_1_147' title='bbox 966 1152 1120 1199; x_wconf 89' lang='lat' dir='ltr'>cibum</span> <span class='ocrx_word' id='word_1_148' title='bbox 1154 1149 1291 1197; x_wconf 60' lang='lat' dir='ltr'>factas</span> <span class='ocrx_word' id='word_1_149' title='bbox 1317 1149 1411 1196; x_wconf 81' lang='lat' dir='ltr'>effe.</span> <span class='ocrx_word' id='word_1_150' title='bbox 1499 1151 1554 1197; x_wconf 90' lang='lat' dir='ltr'>In</span> <span class='ocrx_word' id='word_1_151' title='bbox 1574 1152 1699 1197; x_wconf 85' lang='lat' dir='ltr'>tinea</span> <span class='ocrx_word' id='word_1_152' title='bbox 1718 1184 1730 1203; x_wconf 92' lang='lat'>,</span> <span class='ocrx_word' id='word_1_153' title='bbox 1779 1166 1917 1210; x_wconf 87' lang='lat' dir='ltr'>quam</span> <span class='ocrx_word' id='word_1_154' title='bbox 1951 1151 2120 1196; x_wconf 72' lang='lat' dir='ltr'>vivam&#39;</span> <span class='ocrx_word' id='word_1_155' title='bbox 2144 1151 2392 1207; x_wconf 86' lang='lat' dir='ltr'>inciderat,</span> 
     </span>
     <span class='ocr_line' id='line_1_16' title="bbox 325 1213 2397 1275; baseline -0.003 -6"><span class='ocrx_word' id='word_1_156' title='bbox 325 1222 444 1268; x_wconf 86' lang='lat' dir='ltr'>vidit</span> <span class='ocrx_word' id='word_1_157' title='bbox 466 1239 544 1268; x_wconf 87' lang='lat' dir='ltr'>cor</span> <span class='ocrx_word' id='word_1_158' title='bbox 569 1220 769 1272; x_wconf 87' lang='lat' dir='ltr'>moveri,</span> <span class='ocrx_word' id='word_1_159' title='bbox 807 1216 855 1265; x_wconf 92' lang='lat' dir='ltr'>id</span> <span class='ocrx_word' id='word_1_160' title='bbox 877 1219 996 1264; x_wconf 70' lang='lat' dir='ltr'>recte</span> <span class='ocrx_word' id='word_1_161' title='bbox 1023 1213 1233 1262; x_wconf 79' lang='lat' dir='ltr'>describit</span> <span class='ocrx_word' id='word_1_162' title='bbox 1248 1234 1262 1268; x_wconf 77' lang='lat'>3</span> <span class='ocrx_word' id='word_1_163' title='bbox 1300 1217 1405 1275; x_wconf 78' lang='lat' dir='ltr'>gula</span> <span class='ocrx_word' id='word_1_164' title='bbox 1429 1232 1604 1268; x_wconf 83' lang='lat' dir='ltr'>carere,</span> <span class='ocrx_word' id='word_1_165' title='bbox 1643 1213 1952 1261; x_wconf 87' lang='lat' dir='ltr'>ventriculum</span> <span class='ocrx_word' id='word_1_166' title='bbox 1982 1213 2031 1259; x_wconf 89' lang='lat' dir='ltr'>in</span> <span class='ocrx_word' id='word_1_167' title='bbox 2059 1213 2151 1260; x_wconf 88' lang='lat' dir='ltr'>oris</span> <span class='ocrx_word' id='word_1_168' title='bbox 2181 1213 2264 1261; x_wconf 83' lang='lat' dir='ltr'>effe</span> <span class='ocrx_word' id='word_1_169' title='bbox 2285 1217 2397 1263; x_wconf 89' lang='lat' dir='ltr'>vici-</span> 
     </span>
     <span class='ocr_line' id='line_1_17' title="bbox 322 1278 2396 1344; baseline -0.003 -11"><span class='ocrx_word' id='word_1_170' title='bbox 322 1288 428 1340; x_wconf 81' lang='lat' dir='ltr'>nia,</span> <span class='ocrx_word' id='word_1_171' title='bbox 476 1285 637 1333; x_wconf 84' lang='lat' dir='ltr'>habere</span> <span class='ocrx_word' id='word_1_172' title='bbox 672 1282 974 1344; x_wconf 85' lang='lat' dir='ltr'>pericardium</span> <span class='ocrx_word' id='word_1_173' title='bbox 1017 1282 1060 1327; x_wconf 86' lang='lat'>&amp;</span> <span class='ocrx_word' id='word_1_174' title='bbox 1100 1278 1416 1340; x_wconf 63' lang='lat' dir='ltr'>imperfectum</span> <span class='ocrx_word' id='word_1_175' title='bbox 1461 1278 1770 1340; x_wconf 79' lang='lat' dir='ltr'>diaphragma.</span> <span class='ocrx_word' id='word_1_176' title='bbox 1841 1279 2069 1338; x_wconf 79' lang='lat' dir='ltr'>Lepci-um</span> <span class='ocrx_word' id='word_1_177' title='bbox 2109 1278 2396 1327; x_wconf 85' lang='lat' dir='ltr'>marinorum</span> 
     </span>
     <span class='ocr_line' id='line_1_18' title="bbox 325 1341 2397 1408; baseline -0.002 -11"><span class='ocrx_word' id='word_1_178' title='bbox 325 1364 550 1406; x_wconf 78' lang='lat' dir='ltr'>anatome.</span> <span class='ocrx_word' id='word_1_179' title='bbox 620 1348 939 1408; x_wconf 79' lang='lat' dir='ltr'>Anguillarum</span> <span class='ocrx_word' id='word_1_180' title='bbox 967 1345 1083 1392; x_wconf 83' lang='lat' dir='ltr'>duos</span> <span class='ocrx_word' id='word_1_181' title='bbox 1118 1342 1198 1390; x_wconf 82' lang='lat' dir='ltr'>esse</span> <span class='ocrx_word' id='word_1_182' title='bbox 1226 1342 1373 1390; x_wconf 82' lang='lat' dir='ltr'>sexus.</span> <span class='ocrx_word' id='word_1_183' title='bbox 1461 1344 1713 1390; x_wconf 86' lang='lat' dir='ltr'>Pinnarum</span> <span class='ocrx_word' id='word_1_184' title='bbox 1754 1341 1936 1389; x_wconf 84' lang='lat' dir='ltr'>fabrica.</span> <span class='ocrx_word' id='word_1_185' title='bbox 2005 1343 2225 1389; x_wconf 88' lang='lat' dir='ltr'>Cetorum</span> <span class='ocrx_word' id='word_1_186' title='bbox 2259 1344 2397 1407; x_wconf 86' lang='lat' dir='ltr'>adeps</span> 
     </span>
     <span class='ocr_line' id='line_1_19' title="bbox 327 1409 1477 1470; baseline -0.006 -9"><span class='ocrx_word' id='word_1_187' title='bbox 327 1432 427 1460; x_wconf 81' lang='lat' dir='ltr'>non</span> <span class='ocrx_word' id='word_1_188' title='bbox 454 1410 714 1461; x_wconf 78' lang='lat' dir='ltr'>concrescit.</span> <span class='ocrx_word' id='word_1_189' title='bbox 779 1412 922 1458; x_wconf 89' lang='lat' dir='ltr'>Porro</span> <span class='ocrx_word' id='word_1_190' title='bbox 956 1426 1073 1463; x_wconf 87' lang='lat' dir='ltr'>ova,</span> <span class='ocrx_word' id='word_1_191' title='bbox 1107 1409 1244 1456; x_wconf 86' lang='lat' dir='ltr'>etiam</span> <span class='ocrx_word' id='word_1_192' title='bbox 1274 1409 1477 1470; x_wconf 85' lang='lat' dir='ltr'>gemella.</span> 
     </span>
    </p>
   </div>
   <div class='ocr_carea' id='block_1_5' title="bbox 325 1504 2399 1829">
    <p class='ocr_par' dir='ltr' id='par_1_5' title="bbox 325 1504 2399 1829">
     <span class='ocr_line' id='line_1_20' title="bbox 455 1504 2399 1568; baseline -0.002 -10"><span class='ocrx_word' id='word_1_193' title='bbox 455 1513 505 1558; x_wconf 91' lang='lat' dir='ltr'>L.</span> <span class='ocrx_word' id='word_1_194' title='bbox 529 1510 657 1557; x_wconf 86' lang='lat' dir='ltr'><strong>VIII.</strong></span> <span class='ocrx_word' id='word_1_195' title='bbox 709 1508 764 1556; x_wconf 84' lang='lat' dir='ltr'>de</span> <span class='ocrx_word' id='word_1_196' title='bbox 800 1507 1004 1556; x_wconf 88' lang='lat' dir='ltr'>homine.</span> <span class='ocrx_word' id='word_1_197' title='bbox 1075 1506 1172 1563; x_wconf 63' lang='lat' dir='ltr'>Qu</span> <span class='ocrx_word' id='word_1_198' title='bbox 1213 1507 1394 1553; x_wconf 90' lang='lat' dir='ltr'>inmoto</span> <span class='ocrx_word' id='word_1_199' title='bbox 1441 1518 1627 1568; x_wconf 86' lang='lat' dir='ltr'>gutture</span> <span class='ocrx_word' id='word_1_200' title='bbox 1659 1505 1949 1566; x_wconf 83' lang='lat' dir='ltr'>deglutiebat.</span> <span class='ocrx_word' id='word_1_201' title='bbox 2018 1504 2214 1553; x_wconf 89' lang='lat' dir='ltr'>Robusti</span> <span class='ocrx_word' id='word_1_202' title='bbox 2249 1505 2399 1554; x_wconf 90' lang='lat' dir='ltr'>homi-</span> 
     </span>
     <span class='ocr_line' id='line_1_21' title="bbox 329 1568 2399 1636; baseline -0.001 -13"><span class='ocrx_word' id='word_1_203' title='bbox 329 1592 427 1623; x_wconf 80' lang='lat' dir='ltr'>nes.</span> <span class='ocrx_word' id='word_1_204' title='bbox 497 1576 659 1621; x_wconf 87' lang='lat' dir='ltr'>Venus</span> <span class='ocrx_word' id='word_1_205' title='bbox 691 1574 840 1636; x_wconf 85' lang='lat' dir='ltr'>flagris</span> <span class='ocrx_word' id='word_1_206' title='bbox 871 1574 1073 1619; x_wconf 86' lang='lat' dir='ltr'>incitata.</span> <span class='ocrx_word' id='word_1_207' title='bbox 1144 1569 1322 1618; x_wconf 86' lang='lat' dir='ltr'>Sensus.</span> <span class='ocrx_word' id='word_1_208' title='bbox 1414 1573 1480 1628; x_wconf 78' lang='lat' dir='ltr'>Q</span> <span class='ocrx_word' id='word_1_209' title='bbox 1514 1572 1701 1632; x_wconf 87' lang='lat' dir='ltr'>capillos</span> <span class='ocrx_word' id='word_1_210' title='bbox 1728 1581 1957 1616; x_wconf 79' lang='lat' dir='ltr'>moveant.</span> <span class='ocrx_word' id='word_1_211' title='bbox 2027 1568 2170 1630; x_wconf 84' lang='lat' dir='ltr'>Ipsius</span> <span class='ocrx_word' id='word_1_212' title='bbox 2195 1571 2399 1620; x_wconf 77' lang='lat' dir='ltr'>CARDA-</span> 
     </span>
     <span class='ocr_line' id='line_1_22' title="bbox 327 1633 2392 1701; baseline -0.002 -14"><span class='ocrx_word' id='word_1_213' title='bbox 327 1655 386 1688; x_wconf 65' lang='lat' dir='ltr'>Nl</span> <span class='ocrx_word' id='word_1_214' title='bbox 415 1640 675 1701; x_wconf 80' lang='lat' dir='ltr'>peculiaria.</span> <span class='ocrx_word' id='word_1_215' title='bbox 745 1640 802 1685; x_wconf 90' lang='lat' dir='ltr'>In</span> <span class='ocrx_word' id='word_1_216' title='bbox 832 1635 1019 1684; x_wconf 87' lang='lat' dir='ltr'>exstasin</span> <span class='ocrx_word' id='word_1_217' title='bbox 1049 1635 1309 1696; x_wconf 83' lang='lat' dir='ltr'>rapiebatur</span> <span class='ocrx_word' id='word_1_218' title='bbox 1334 1651 1417 1695; x_wconf 91' lang='lat' dir='ltr'>pro</span> <span class='ocrx_word' id='word_1_219' title='bbox 1443 1635 1628 1682; x_wconf 90' lang='lat' dir='ltr'>lubitu:</span> <span class='ocrx_word' id='word_1_220' title='bbox 1663 1633 1852 1682; x_wconf 83' lang='lat' dir='ltr'>videbat</span> <span class='ocrx_word' id='word_1_221' title='bbox 1875 1650 2161 1695; x_wconf 76' lang='lat' dir='ltr'>quaecunque</span> <span class='ocrx_word' id='word_1_222' title='bbox 2186 1635 2392 1691; x_wconf 81' lang='lat' dir='ltr'>volebat,</span> 
     </span>
     <span class='ocr_line' id='line_1_23' title="bbox 325 1699 2399 1763; baseline -0.002 -11"><span class='ocrx_word' id='word_1_223' title='bbox 325 1705 511 1751; x_wconf 75' lang='lat' dir='ltr'>videbat</span> <span class='ocrx_word' id='word_1_224' title='bbox 540 1706 588 1750; x_wconf 84' lang='lat' dir='ltr'>in</span> <span class='ocrx_word' id='word_1_225' title='bbox 613 1701 830 1751; x_wconf 84' lang='lat' dir='ltr'>tenebris.</span> <span class='ocrx_word' id='word_1_226' title='bbox 900 1702 1144 1763; x_wconf 81' lang='lat' dir='ltr'>Gigantes,</span> <span class='ocrx_word' id='word_1_227' title='bbox 1182 1700 1413 1762; x_wconf 75' lang='lat' dir='ltr'>longaevi:</span> <span class='ocrx_word' id='word_1_228' title='bbox 1464 1699 1518 1746; x_wconf 90' lang='lat' dir='ltr'>de</span> <span class='ocrx_word' id='word_1_229' title='bbox 1561 1699 1722 1746; x_wconf 81' lang='lat' dir='ltr'>somno</span> <span class='ocrx_word' id='word_1_230' title='bbox 1762 1701 1804 1745; x_wconf 88' lang='lat'>&amp;</span> <span class='ocrx_word' id='word_1_231' title='bbox 1834 1699 2004 1760; x_wconf 85' lang='lat' dir='ltr'>vigilia.</span> <span class='ocrx_word' id='word_1_232' title='bbox 2072 1701 2226 1747; x_wconf 87' lang='lat' dir='ltr'>Multa</span> <span class='ocrx_word' id='word_1_233' title='bbox 2258 1702 2399 1748; x_wconf 78' lang='lat' dir='ltr'>inter-</span> 
     </span>
     <span class='ocr_line' id='line_1_24' title="bbox 325 1765 1065 1829; baseline -0.007 -13"><span class='ocrx_word' id='word_1_234' title='bbox 325 1769 498 1816; x_wconf 83' lang='lat' dir='ltr'>cedunt</span> <span class='ocrx_word' id='word_1_235' title='bbox 526 1765 831 1829; x_wconf 83' lang='lat' dir='ltr'>superstitiosa</span> <span class='ocrx_word' id='word_1_236' title='bbox 861 1767 902 1812; x_wconf 67' lang='lat' dir='ltr'>Sc</span> <span class='ocrx_word' id='word_1_237' title='bbox 932 1780 1065 1812; x_wconf 85' lang='lat' dir='ltr'>vana.</span> 
     </span>
    </p>
   </div>
   <div class='ocr_carea' id='block_1_6' title="bbox 334 1860 2401 1993">
    <p class='ocr_par' dir='ltr' id='par_1_6' title="bbox 334 1860 2401 1993">
     <span class='ocr_line' id='line_1_25' title="bbox 461 1860 2401 1925; baseline -0.001 -12"><span class='ocrx_word' id='word_1_238' title='bbox 461 1867 599 1913; x_wconf 88' lang='lat' dir='ltr'>Libro</span> <span class='ocrx_word' id='word_1_239' title='bbox 627 1865 760 1912; x_wconf 87' lang='lat' dir='ltr'><strong>XIV.</strong></span> <span class='ocrx_word' id='word_1_240' title='bbox 796 1863 991 1912; x_wconf 80' lang='lat' dir='ltr'>Ostenta</span> <span class='ocrx_word' id='word_1_241' title='bbox 1019 1865 1060 1910; x_wconf 65' lang='grc' dir='ltr'>ἃ</span> <span class='ocrx_word' id='word_1_242' title='bbox 1087 1861 1314 1916; x_wconf 82' lang='lat' dir='ltr'>monstra,</span> <span class='ocrx_word' id='word_1_243' title='bbox 1349 1863 1640 1925; x_wconf 84' lang='lat' dir='ltr'>bicorporea,</span> <span class='ocrx_word' id='word_1_244' title='bbox 1676 1861 1881 1924; x_wconf 84' lang='lat' dir='ltr'>bicipitia</span> <span class='ocrx_word' id='word_1_245' title='bbox 1905 1879 1917 1908; x_wconf 67' lang='grc' dir='ltr'>ι</span> <span class='ocrx_word' id='word_1_246' title='bbox 1959 1861 2081 1909; x_wconf 87' lang='lat' dir='ltr'>inter</span> <span class='ocrx_word' id='word_1_247' title='bbox 2115 1879 2166 1910; x_wconf 87' lang='lat' dir='ltr'>ea</span> <span class='ocrx_word' id='word_1_248' title='bbox 2190 1860 2401 1912; x_wconf 83' lang='lat' dir='ltr'>describi-</span> 
     </span>
     <span class='ocr_line' id='line_1_26' title="bbox 334 1926 1476 1993; baseline -0.004 -14"><span class='ocrx_word' id='word_1_249' title='bbox 334 1943 412 1979; x_wconf 86' lang='lat' dir='ltr'>tur</span> <span class='ocrx_word' id='word_1_250' title='bbox 436 1931 614 1993; x_wconf 86' lang='lat' dir='ltr'>puella,</span> <span class='ocrx_word' id='word_1_251' title='bbox 651 1945 789 1991; x_wconf 82' lang='lat' dir='ltr'>quam</span> <span class='ocrx_word' id='word_1_252' title='bbox 821 1928 999 1977; x_wconf 71' lang='lat' dir='ltr'>Gabriel</span> <span class='ocrx_word' id='word_1_253' title='bbox 1027 1928 1235 1974; x_wconf 79' lang='lat' dir='ltr'>CUNEUS</span> <span class='ocrx_word' id='word_1_254' title='bbox 1259 1926 1476 1975; x_wconf 79' lang='lat' dir='ltr'>dissecuit.</span> 
     </span>
    </p>
   </div>
   <div class='ocr_carea' id='block_1_7' title="bbox 326 2022 2400 2220">
    <p class='ocr_par' dir='ltr' id='par_1_7' title="bbox 326 2022 2400 2220">
     <span class='ocr_line' id='line_1_27' title="bbox 455 2022 2400 2088; baseline -0.003 -11"><span class='ocrx_word' id='word_1_255' title='bbox 455 2028 556 2077; x_wconf 87' lang='lat' dir='ltr'>Lib.</span> <span class='ocrx_word' id='word_1_256' title='bbox 585 2028 696 2076; x_wconf 89' lang='lat' dir='ltr'>XV.</span> <span class='ocrx_word' id='word_1_257' title='bbox 739 2028 1029 2075; x_wconf 70' lang='lat' dir='ltr'>victimarum</span> <span class='ocrx_word' id='word_1_258' title='bbox 1067 2023 1318 2088; x_wconf 77' lang='lat' dir='ltr'>portentosi</span> <span class='ocrx_word' id='word_1_259' title='bbox 1363 2023 1579 2072; x_wconf 63' lang='lat' dir='ltr'>descetus.</span> <span class='ocrx_word' id='word_1_260' title='bbox 1659 2026 1730 2071; x_wconf 92' lang='lat' dir='ltr'>De</span> <span class='ocrx_word' id='word_1_261' title='bbox 1756 2022 1880 2070; x_wconf 86' lang='lat' dir='ltr'>sonis</span> <span class='ocrx_word' id='word_1_262' title='bbox 1918 2025 2082 2083; x_wconf 86' lang='lat' dir='ltr'>aliqua.</span> <span class='ocrx_word' id='word_1_263' title='bbox 2151 2023 2400 2073; x_wconf 75' lang='lat' dir='ltr'>Mirificam</span> 
     </span>
     <span class='ocr_line' id='line_1_28' title="bbox 326 2086 2396 2154; baseline -0.002 -13"><span class='ocrx_word' id='word_1_264' title='bbox 326 2094 382 2141; x_wconf 86' lang='lat' dir='ltr'>de</span> <span class='ocrx_word' id='word_1_265' title='bbox 405 2092 450 2140; x_wconf 86' lang='lat' dir='ltr'>se</span> <span class='ocrx_word' id='word_1_266' title='bbox 480 2092 575 2154; x_wconf 90' lang='lat' dir='ltr'>ipso</span> <span class='ocrx_word' id='word_1_267' title='bbox 604 2091 866 2139; x_wconf 84' lang='lat' dir='ltr'>facultatem</span> <span class='ocrx_word' id='word_1_268' title='bbox 902 2092 1069 2138; x_wconf 89' lang='lat' dir='ltr'>iterum</span> <span class='ocrx_word' id='word_1_269' title='bbox 1099 2089 1341 2151; x_wconf 82' lang='lat' dir='ltr'>praedicat,</span> <span class='ocrx_word' id='word_1_270' title='bbox 1391 2088 1508 2150; x_wconf 79' lang='lat' dir='ltr'>posse</span> <span class='ocrx_word' id='word_1_271' title='bbox 1547 2087 1591 2135; x_wconf 89' lang='lat' dir='ltr'>se</span> <span class='ocrx_word' id='word_1_272' title='bbox 1627 2106 1710 2150; x_wconf 90' lang='lat' dir='ltr'>pro</span> <span class='ocrx_word' id='word_1_273' title='bbox 1747 2087 1936 2135; x_wconf 78' lang='lat' dir='ltr'>arbitrio</span> <span class='ocrx_word' id='word_1_274' title='bbox 1966 2088 2017 2135; x_wconf 87' lang='lat' dir='ltr'>in</span> <span class='ocrx_word' id='word_1_275' title='bbox 2046 2086 2236 2136; x_wconf 83' lang='lat' dir='ltr'>exstasin</span> <span class='ocrx_word' id='word_1_276' title='bbox 2271 2090 2396 2152; x_wconf 87' lang='lat' dir='ltr'>rapi,</span> 
     </span>
     <span class='ocr_line' id='line_1_29' title="bbox 326 2152 1547 2220; baseline -0.005 -14"><span class='ocrx_word' id='word_1_277' title='bbox 326 2158 608 2220; x_wconf 82' lang='lat' dir='ltr'>separatione</span> <span class='ocrx_word' id='word_1_278' title='bbox 633 2157 829 2218; x_wconf 86' lang='lat' dir='ltr'>quadam</span> <span class='ocrx_word' id='word_1_279' title='bbox 861 2154 932 2204; x_wconf 85' lang='lat' dir='ltr'>sui</span> <span class='ocrx_word' id='word_1_280' title='bbox 960 2154 1096 2217; x_wconf 77' lang='lat' dir='ltr'>ipsius</span> <span class='ocrx_word' id='word_1_281' title='bbox 1122 2155 1174 2202; x_wconf 89' lang='lat' dir='ltr'>in</span> <span class='ocrx_word' id='word_1_282' title='bbox 1204 2155 1385 2202; x_wconf 90' lang='lat' dir='ltr'>cerebro</span> <span class='ocrx_word' id='word_1_283' title='bbox 1418 2152 1547 2200; x_wconf 69' lang='lat' dir='ltr'>facia.</span> 
     </span>
    </p>
   </div>
   <div class='ocr_carea' id='block_1_8' title="bbox 330 2251 2403 3021">
    <p class='ocr_par' dir='ltr' id='par_1_8' title="bbox 330 2251 2403 3021">
     <span class='ocr_line' id='line_1_30' title="bbox 462 2251 2397 2317; baseline -0.001 -15"><span class='ocrx_word' id='word_1_284' title='bbox 462 2256 706 2317; x_wconf 67' lang='lat' dir='ltr'>EJIJSDEM</span> <span class='ocrx_word' id='word_1_285' title='bbox 740 2253 1128 2302; x_wconf 80' lang='lat' dir='ltr'>contradicentium</span> <span class='ocrx_word' id='word_1_286' title='bbox 1152 2253 1411 2300; x_wconf 72' lang='lat' dir='ltr'>medicomtm</span> <span class='ocrx_word' id='word_1_287' title='bbox 1440 2253 1566 2299; x_wconf 88' lang='lat' dir='ltr'>L.11.</span> <span class='ocrx_word' id='word_1_288' title='bbox 1615 2251 1782 2298; x_wconf 88' lang='lat' dir='ltr'>Venet.</span> <span class='ocrx_word' id='word_1_289' title='bbox 1803 2262 1939 2310; x_wconf 86' lang='lat'>1545.</span> <span class='ocrx_word' id='word_1_290' title='bbox 1978 2254 2039 2305; x_wconf 83' lang='lat'>8⁰.</span> <span class='ocrx_word' id='word_1_291' title='bbox 2079 2251 2198 2300; x_wconf 86' lang='lat' dir='ltr'>OSB.</span> <span class='ocrx_word' id='word_1_292' title='bbox 2248 2253 2397 2316; x_wconf 87' lang='lat' dir='ltr'>Lugd.</span> 
     </span>
     <span class='ocr_line' id='line_1_31' title="bbox 341 2318 2400 2378; baseline 0 -14"><span class='ocrx_word' id='word_1_293' title='bbox 341 2325 481 2376; x_wconf 79' lang='lat'>1548.</span> <span class='ocrx_word' id='word_1_294' title='bbox 517 2325 582 2378; x_wconf 79' lang='lat'>40.</span> <span class='ocrx_word' id='word_1_295' title='bbox 616 2322 750 2367; x_wconf 77' lang='lat' dir='ltr'>MER.</span> <span class='ocrx_word' id='word_1_296' title='bbox 790 2318 924 2366; x_wconf 82' lang='lat' dir='ltr'>Paris.</span> <span class='ocrx_word' id='word_1_297' title='bbox 953 2327 1087 2376; x_wconf 76' lang='lat'>1565.</span> <span class='ocrx_word' id='word_1_298' title='bbox 1130 2319 1225 2372; x_wconf 59' lang='lat'>8⁰2*</span> <span class='ocrx_word' id='word_1_299' title='bbox 1260 2319 1495 2378; x_wconf 62' lang='lat' dir='ltr'>Mat-purg.</span> <span class='ocrx_word' id='word_1_300' title='bbox 1518 2323 1653 2375; x_wconf 85' lang='lat'>1607.</span> <span class='ocrx_word' id='word_1_301' title='bbox 1694 2322 1756 2370; x_wconf 84' lang='lat'>8⁰.</span> <span class='ocrx_word' id='word_1_302' title='bbox 1825 2318 1945 2363; x_wconf 82' lang='lat' dir='ltr'>Loca</span> <span class='ocrx_word' id='word_1_303' title='bbox 1976 2319 2323 2366; x_wconf 71' lang='lat' dir='ltr'>Aaxsroreus</span> <span class='ocrx_word' id='word_1_304' title='bbox 2356 2319 2400 2365; x_wconf 89' lang='lat'>&amp;</span> 
     </span>
     <span class='ocr_line' id='line_1_32' title="bbox 332 2379 2398 2444; baseline 0 -16"><span class='ocrx_word' id='word_1_305' title='bbox 332 2383 560 2436; x_wconf 67' lang='lat' dir='ltr'>GALENI,</span> <span class='ocrx_word' id='word_1_306' title='bbox 595 2397 675 2429; x_wconf 85' lang='lat' dir='ltr'>aut</span> <span class='ocrx_word' id='word_1_307' title='bbox 704 2385 899 2431; x_wconf 80' lang='lat' dir='ltr'>GALEN1</span> <span class='ocrx_word' id='word_1_308' title='bbox 929 2385 970 2430; x_wconf 64' lang='grc' dir='ltr'>ὃς</span> <span class='ocrx_word' id='word_1_309' title='bbox 992 2381 1208 2436; x_wconf 81' lang='lat' dir='ltr'>Arabum,</span> <span class='ocrx_word' id='word_1_310' title='bbox 1244 2382 1377 2428; x_wconf 80' lang='lat' dir='ltr'>etiam</span> <span class='ocrx_word' id='word_1_311' title='bbox 1398 2383 1597 2429; x_wconf 80' lang='lat' dir='ltr'>GALENI</span> <span class='ocrx_word' id='word_1_312' title='bbox 1624 2382 1749 2428; x_wconf 82' lang='lat' dir='ltr'>varia</span> <span class='ocrx_word' id='word_1_313' title='bbox 1770 2382 1869 2427; x_wconf 87' lang='lat' dir='ltr'>loca</span> <span class='ocrx_word' id='word_1_314' title='bbox 1889 2381 2009 2427; x_wconf 86' lang='lat' dir='ltr'>inter</span> <span class='ocrx_word' id='word_1_315' title='bbox 2038 2379 2096 2434; x_wconf 84' lang='lat' dir='ltr'>se,</span> <span class='ocrx_word' id='word_1_316' title='bbox 2124 2398 2398 2444; x_wconf 81' lang='lat' dir='ltr'>comparare,</span> 
     </span>
     <span class='ocr_line' id='line_1_33' title="bbox 331 2443 2399 2508; baseline 0 -15"><span class='ocrx_word' id='word_1_317' title='bbox 331 2448 580 2493; x_wconf 78' lang='lat' dir='ltr'>contrarias</span> <span class='ocrx_word' id='word_1_318' title='bbox 611 2446 857 2494; x_wconf 85' lang='lat' dir='ltr'>sententias</span> <span class='ocrx_word' id='word_1_319' title='bbox 886 2447 1165 2508; x_wconf 85' lang='lat' dir='ltr'>expendere,</span> <span class='ocrx_word' id='word_1_320' title='bbox 1202 2447 1255 2493; x_wconf 92' lang='lat' dir='ltr'>de</span> <span class='ocrx_word' id='word_1_321' title='bbox 1275 2444 1476 2506; x_wconf 72' lang='lat' dir='ltr'>expensis</span> <span class='ocrx_word' id='word_1_322' title='bbox 1498 2446 1724 2508; x_wconf 85' lang='lat' dir='ltr'>judicium</span> <span class='ocrx_word' id='word_1_323' title='bbox 1758 2443 1883 2498; x_wconf 77' lang='lat' dir='ltr'>ferre,</span> <span class='ocrx_word' id='word_1_324' title='bbox 1907 2446 2081 2492; x_wconf 65' lang='lat' dir='ltr'>auctori</span> <span class='ocrx_word' id='word_1_325' title='bbox 2105 2443 2265 2505; x_wconf 88' lang='lat' dir='ltr'>scopus</span> <span class='ocrx_word' id='word_1_326' title='bbox 2295 2444 2399 2493; x_wconf 87' lang='lat' dir='ltr'>fuit.</span> 
     </span>
     <span class='ocr_line' id='line_1_34' title="bbox 332 2507 2403 2571; baseline -0 -13"><span class='ocrx_word' id='word_1_327' title='bbox 332 2512 457 2571; x_wconf 73' lang='lat' dir='ltr'>Saepe</span> <span class='ocrx_word' id='word_1_328' title='bbox 481 2511 803 2557; x_wconf 71' lang='lat' dir='ltr'>ARISTOTELI</span> <span class='ocrx_word' id='word_1_329' title='bbox 839 2525 998 2558; x_wconf 85' lang='lat' dir='ltr'>contra</span> <span class='ocrx_word' id='word_1_330' title='bbox 1033 2513 1294 2559; x_wconf 81' lang='lat' dir='ltr'>GALENUM</span> <span class='ocrx_word' id='word_1_331' title='bbox 1325 2510 1474 2565; x_wconf 87' lang='lat' dir='ltr'>favet,</span> <span class='ocrx_word' id='word_1_332' title='bbox 1513 2512 1648 2558; x_wconf 83' lang='lat' dir='ltr'>etiam</span> <span class='ocrx_word' id='word_1_333' title='bbox 1677 2510 1918 2557; x_wconf 84' lang='lat' dir='ltr'>Arabibus.</span> <span class='ocrx_word' id='word_1_334' title='bbox 2001 2507 2305 2570; x_wconf 85' lang='lat' dir='ltr'>Phyfiologici</span> <span class='ocrx_word' id='word_1_335' title='bbox 2333 2527 2403 2557; x_wconf 88' lang='lat' dir='ltr'>ar-</span> 
     </span>
     <span class='ocr_line' id='line_1_35' title="bbox 333 2574 2395 2637; baseline 0.001 -17"><span class='ocrx_word' id='word_1_336' title='bbox 333 2575 542 2635; x_wconf 81' lang='lat' dir='ltr'>gumenti</span> <span class='ocrx_word' id='word_1_337' title='bbox 570 2576 714 2620; x_wconf 81' lang='lat' dir='ltr'>multa</span> <span class='ocrx_word' id='word_1_338' title='bbox 748 2574 1062 2621; x_wconf 81' lang='lat' dir='ltr'>admiscentur.</span> <span class='ocrx_word' id='word_1_339' title='bbox 1134 2578 1206 2622; x_wconf 93' lang='lat' dir='ltr'>De</span> <span class='ocrx_word' id='word_1_340' title='bbox 1239 2588 1441 2636; x_wconf 88' lang='lat' dir='ltr'>tempore</span> <span class='ocrx_word' id='word_1_341' title='bbox 1470 2594 1561 2637; x_wconf 89' lang='lat' dir='ltr'>quo</span> <span class='ocrx_word' id='word_1_342' title='bbox 1581 2574 1701 2622; x_wconf 85' lang='lat' dir='ltr'>fetus</span> <span class='ocrx_word' id='word_1_343' title='bbox 1718 2576 1768 2621; x_wconf 85' lang='lat' dir='ltr'>in</span> <span class='ocrx_word' id='word_1_344' title='bbox 1792 2586 1922 2621; x_wconf 88' lang='lat' dir='ltr'>utero</span> <span class='ocrx_word' id='word_1_345' title='bbox 1949 2574 2136 2634; x_wconf 85' lang='lat' dir='ltr'>geritur.</span> <span class='ocrx_word' id='word_1_346' title='bbox 2205 2574 2276 2619; x_wconf 90' lang='lat' dir='ltr'>De</span> <span class='ocrx_word' id='word_1_347' title='bbox 2299 2587 2395 2622; x_wconf 85' lang='lat' dir='ltr'>atra</span> 
     </span>
     <span class='ocr_line' id='line_1_36' title="bbox 331 2637 2398 2691; baseline 0 -6"><span class='ocrx_word' id='word_1_348' title='bbox 331 2639 439 2685; x_wconf 91' lang='lat' dir='ltr'>bile.</span> <span class='ocrx_word' id='word_1_349' title='bbox 508 2639 582 2685; x_wconf 87' lang='lat' dir='ltr'>An</span> <span class='ocrx_word' id='word_1_350' title='bbox 611 2639 660 2684; x_wconf 89' lang='lat' dir='ltr'>in</span> <span class='ocrx_word' id='word_1_351' title='bbox 691 2655 822 2684; x_wconf 86' lang='lat' dir='ltr'>carne</span> <span class='ocrx_word' id='word_1_352' title='bbox 848 2642 1007 2685; x_wconf 67' lang='lat' dir='ltr'>tactus.</span> <span class='ocrx_word' id='word_1_353' title='bbox 1077 2639 1184 2686; x_wconf 55' lang='lat' dir='ltr'>Ofili</span> <span class='ocrx_word' id='word_1_354' title='bbox 1210 2657 1267 2687; x_wconf 89' lang='lat' dir='ltr'>an</span> <span class='ocrx_word' id='word_1_355' title='bbox 1291 2638 1505 2687; x_wconf 77' lang='lat' dir='ltr'>sentiant.</span> <span class='ocrx_word' id='word_1_356' title='bbox 1574 2641 1645 2686; x_wconf 90' lang='lat' dir='ltr'>De</span> <span class='ocrx_word' id='word_1_357' title='bbox 1679 2639 1850 2691; x_wconf 85' lang='lat' dir='ltr'>cordis,</span> <span class='ocrx_word' id='word_1_358' title='bbox 1899 2637 2068 2683; x_wconf 84' lang='lat' dir='ltr'>cerebri</span> <span class='ocrx_word' id='word_1_359' title='bbox 2100 2638 2142 2683; x_wconf 65' lang='grc' dir='ltr'>ἃ</span> <span class='ocrx_word' id='word_1_360' title='bbox 2185 2637 2398 2685; x_wconf 76' lang='lat' dir='ltr'>medullae</span> 
     </span>
     <span class='ocr_line' id='line_1_37' title="bbox 330 2700 2401 2765; baseline 0 -15"><span class='ocrx_word' id='word_1_361' title='bbox 330 2702 516 2764; x_wconf 84' lang='lat' dir='ltr'>spinalis</span> <span class='ocrx_word' id='word_1_362' title='bbox 545 2702 867 2764; x_wconf 78' lang='lat' dir='ltr'>praerogativis.</span> <span class='ocrx_word' id='word_1_363' title='bbox 941 2702 1188 2749; x_wconf 73' lang='lat' dir='ltr'>Cerebrum</span> <span class='ocrx_word' id='word_1_364' title='bbox 1217 2721 1293 2763; x_wconf 87' lang='lat' dir='ltr'>per</span> <span class='ocrx_word' id='word_1_365' title='bbox 1314 2721 1444 2751; x_wconf 87' lang='lat' dir='ltr'>nares</span> <span class='ocrx_word' id='word_1_366' title='bbox 1470 2706 1666 2765; x_wconf 79' lang='lat' dir='ltr'>purgari.</span> <span class='ocrx_word' id='word_1_367' title='bbox 1739 2703 1878 2748; x_wconf 89' lang='lat' dir='ltr'>Oculi</span> <span class='ocrx_word' id='word_1_368' title='bbox 1902 2702 2089 2747; x_wconf 77' lang='lat' dir='ltr'>colores,</span> <span class='ocrx_word' id='word_1_369' title='bbox 2163 2700 2401 2750; x_wconf 83' lang='lat' dir='ltr'>Visionem</span> 
     </span>
     <span class='ocr_line' id='line_1_38' title="bbox 331 2765 2397 2828; baseline 0 -13"><span class='ocrx_word' id='word_1_370' title='bbox 331 2766 432 2815; x_wconf 82' lang='lat' dir='ltr'>fieri</span> <span class='ocrx_word' id='word_1_371' title='bbox 455 2768 505 2813; x_wconf 88' lang='lat' dir='ltr'>in</span> <span class='ocrx_word' id='word_1_372' title='bbox 543 2769 661 2814; x_wconf 86' lang='lat' dir='ltr'>lente</span> <span class='ocrx_word' id='word_1_373' title='bbox 700 2766 967 2826; x_wconf 70' lang='lat' dir='ltr'>crystallina.</span> <span class='ocrx_word' id='word_1_374' title='bbox 1038 2769 1108 2813; x_wconf 86' lang='lat' dir='ltr'>De</span> <span class='ocrx_word' id='word_1_375' title='bbox 1142 2767 1274 2828; x_wconf 82' lang='lat' dir='ltr'>pulsu</span> <span class='ocrx_word' id='word_1_376' title='bbox 1306 2769 1441 2814; x_wconf 76' lang='lat' dir='ltr'>varia.</span> <span class='ocrx_word' id='word_1_377' title='bbox 1513 2767 1770 2814; x_wconf 62' lang='lat' dir='ltr'>Constric&#39;to</span> <span class='ocrx_word' id='word_1_378' title='bbox 1810 2765 1943 2811; x_wconf 89' lang='lat' dir='ltr'>corde</span> <span class='ocrx_word' id='word_1_379' title='bbox 1981 2765 2166 2812; x_wconf 84' lang='lat' dir='ltr'>arterias</span> <span class='ocrx_word' id='word_1_380' title='bbox 2202 2766 2397 2815; x_wconf 84' lang='lat' dir='ltr'>dilatari.</span> 
     </span>
     <span class='ocr_line' id='line_1_39' title="bbox 333 2827 2400 2891; baseline 0 -12"><span class='ocrx_word' id='word_1_381' title='bbox 333 2830 695 2891; x_wconf 74' lang='lat' dir='ltr'>Respirationcm</span> <span class='ocrx_word' id='word_1_382' title='bbox 741 2831 915 2877; x_wconf 63' lang='lat' dir='ltr'>misiam</span> <span class='ocrx_word' id='word_1_383' title='bbox 956 2830 1036 2877; x_wconf 69' lang='lat' dir='ltr'>esse</span> <span class='ocrx_word' id='word_1_384' title='bbox 1075 2848 1129 2876; x_wconf 88' lang='lat' dir='ltr'>ex</span> <span class='ocrx_word' id='word_1_385' title='bbox 1168 2834 1427 2878; x_wconf 79' lang='lat' dir='ltr'>voluntaria</span> <span class='ocrx_word' id='word_1_386' title='bbox 1473 2834 1514 2878; x_wconf 89' lang='lat'>&amp;</span> <span class='ocrx_word' id='word_1_387' title='bbox 1554 2830 1765 2877; x_wconf 83' lang='lat' dir='ltr'>naturali.</span> <span class='ocrx_word' id='word_1_388' title='bbox 1835 2831 1906 2875; x_wconf 82' lang='lat' dir='ltr'>De</span> <span class='ocrx_word' id='word_1_389' title='bbox 1940 2827 2171 2889; x_wconf 80' lang='lat' dir='ltr'>sanguinis</span> <span class='ocrx_word' id='word_1_390' title='bbox 2205 2833 2245 2877; x_wconf 65' lang='grc' dir='ltr'>ἃ</span> <span class='ocrx_word' id='word_1_391' title='bbox 2272 2832 2400 2879; x_wconf 63' lang='lat' dir='ltr'>laetis</span> 
     </span>
     <span class='ocr_line' id='line_1_40' title="bbox 334 2892 2398 2957; baseline 0 -15"><span class='ocrx_word' id='word_1_392' title='bbox 334 2897 564 2957; x_wconf 64' lang='lat' dir='ltr'>paztibus,</span> <span class='ocrx_word' id='word_1_393' title='bbox 605 2897 657 2942; x_wconf 84' lang='lat' dir='ltr'>dc</span> <span class='ocrx_word' id='word_1_394' title='bbox 687 2896 789 2942; x_wconf 86' lang='lat' dir='ltr'>bile.</span> <span class='ocrx_word' id='word_1_395' title='bbox 859 2895 1010 2942; x_wconf 84' lang='lat' dir='ltr'>Testes</span> <span class='ocrx_word' id='word_1_396' title='bbox 1039 2911 1136 2941; x_wconf 88' lang='lat' dir='ltr'>non</span> <span class='ocrx_word' id='word_1_397' title='bbox 1164 2895 1244 2943; x_wconf 83' lang='lat' dir='ltr'>esse</span> <span class='ocrx_word' id='word_1_398' title='bbox 1269 2895 1470 2943; x_wconf 77' lang='lat' dir='ltr'>membra</span> <span class='ocrx_word' id='word_1_399' title='bbox 1492 2895 1774 2957; x_wconf 82' lang='lat' dir='ltr'>principalia.</span> <span class='ocrx_word' id='word_1_400' title='bbox 1839 2895 1911 2941; x_wconf 86' lang='lat' dir='ltr'>De</span> <span class='ocrx_word' id='word_1_401' title='bbox 1932 2892 2100 2942; x_wconf 85' lang='lat' dir='ltr'>femine</span> <span class='ocrx_word' id='word_1_402' title='bbox 2129 2893 2398 2952; x_wconf 84' lang='lat' dir='ltr'>masculino,</span> 
     </span>
     <span class='ocr_line' id='line_1_41' title="bbox 331 2959 1059 3021; baseline 0 -14"><span class='ocrx_word' id='word_1_403' title='bbox 331 2959 583 3016; x_wconf 78' lang='lat' dir='ltr'>feminino,</span> <span class='ocrx_word' id='word_1_404' title='bbox 615 2962 749 3009; x_wconf 76' lang='lat' dir='ltr'>variae</span> <span class='ocrx_word' id='word_1_405' title='bbox 777 2959 1059 3021; x_wconf 79' lang='lat' dir='ltr'>quaestiones.</span> 
     </span>
    </p>
   </div>
   <div class='ocr_carea' id='block_1_9' title="bbox 2219 3058 2399 3121">
    <p class='ocr_par' dir='ltr' id='par_1_9' title="bbox 2219 3058 2399 3121">
     <span class='ocr_line' id='line_1_42' title="bbox 2219 3058 2399 3121; baseline 0.006 -15"><span class='ocrx_word' id='word_1_406' title='bbox 2219 3058 2399 3121; x_wconf 76' lang='lat' dir='ltr'>EJusn.</span> 
     </span>
    </p>
   </div>
  </div>
 </body>
</html>
