2556 3442
662 126 1804 190 §.368.T.BARTHOL1NUS.
2159 142 2253 196 405

199 257 555 307 membranaceis
578 256 797 306 veficulis.
865 258 1034 306 Patulis
1055 257 1356 306 foraminibus
1386 259 1438 306 in
1468 258 1631 305 avibus
1658 273 1838 320 patere;
1874 279 1899 309 a
1920 260 2131 316 thorace,
2167 272 2249 309 aut

200 339 227 380 a
251 321 590 384 diaphragmate
610 336 788 370 motum
811 320 989 375 habere,
1024 337 1122 367 non
1147 337 1174 366 a
1202 321 1352 368 corde.
1420 321 1592 369 Contra
1617 324 1838 372 circulum
1862 327 2249 375 CARTESIANUM.

198 385 388 447 Adjeeta
414 387 476 434 est
495 389 783 435 Mumfflm
811 385 863 430 de
884 385 1087 446 pulmone
1109 385 1286 445 epzstola.

332 486 566 546 EJUSDEM
593 483 859 545 epistolarum
893 481 1211 528 medicinalium
1243 499 1271 528 a
1301 482 1428 529 doft'is
1462 483 1535 530 vel
1565 483 1627 530 ad
1654 482 2071 546 dorff't'osscriptarum
2098 491 2249 536 Centu-

199 552 275 596 νέα
297 548 333 596 1.
354 552 396 596 &
415 550 474 595 ΙΙ.
510 546 693 596 Hafniae
709 550 800 592 166
803 555 843 601 3.
861 544 962 599 8⁰.*
992 547 1035 592 &
1053 562 1198 606 nuper
1216 547 1359 607 Haag.
1381 559 1513 606 1740.
1531 551 1594 601 8⁰.
1660 548 1801 594 Grata
1825 546 1900 593 hic
1928 549 2141 603 varietas,
2173 568 2248 597 ne.

196 628 288 672 que
310 624 428 659 certe
447 611 620 657 sterilis.
690 609 840 655 Prima
863 608 1050 671 epistola
1076 609 1138 655 est
1163 611 1274 656 anni
1309 615 1364 656 16
1370 622 1441 667 39.
1471 611 1697 671 dabatque
1722 611 1773 657 in
1803 627 1854 657 ea
1881 612 2246 660 BARTnomuus

196 691 255 722 ex
287 675 526 723 itineribus
563 672 655 720 suis
690 672 746 719 ad
789 672 943 719 Olaum
968 674 1163 721 WORM
1200 674 1406 734 aliosque
1441 685 1658 735 patronos
1683 689 1843 734 eorum
1876 674 2028 734 aliqua
2051 674 2245 729 indicia,

195 755 299 800 quae
320 755 439 785 nova
456 736 644 784 viderat.
712 734 832 782 Vasa
853 738 992 783 lad‘tea
1013 753 1120 798 ergo
1143 735 1383 791 describit,
1417 753 1442 784 a
1464 736 1509 785 se
1532 737 1639 785 visa.
1706 738 1778 784 De
1800 738 2014 799 pygmaeis
2037 735 2250 784 fabulosis

197 803 517 848 cuniculorum
542 798 940 847 subterraneorum
967 800 1244 847 custodibus.
1330 800 1744 862 Monspelienfibus
1781 801 2043 848 doctoribus
2080 801 2247 861 ignaris

197 869 242 912 &
276 865 434 911 invitis
473 861 577 911 vasa
619 867 757 911 lactea
794 864 1120 911 demonstravit
1160 881 1187 910 a
1220 866 1513 913 VESLINGIO
1556 864 1664 913 visa.
1736 865 1955 913 -Castoris
1998 877 2246 918 anatome.

195 927 415 981 folliculi,
449 925 651 975 sceletus.
719 929 790 974 De
819 928 1029 975 carnibus
1055 927 1331 976 lucentibus.
1401 929 1473 976 Ad
1506 930 1796 991 HARVEJUM
1834 930 2007 990 aliqua,
2041 944 2078 975 a.
2109 934 2248 987 1642.

192 991 325 1046 data,
363 1003 522 1038 contra
552 993 797 1039 circuitum
826 990 1086 1053 sanguinis,
1125 994 1167 1038 &
1193 993 1322 1039 locus
1349 992 1432 1039 ubi
1460 993 1775 1041 VEsmNGms
1810 993 1978 1040 dicitur
2002 994 2053 1040 in
2080 991 2250 1040 chartis

192 1072 221 1102 a
245 1056 292 1102 P.
315 1056 623 1104 FULGENTIO
656 1053 930 1103 conservatis
956 1053 998 1102 se
1027 1056 1074 1102 F.
1095 1055 1251 1102 PAULI
1277 1058 1448 1105 SARPII
1477 1056 1530 1102 de
1561 1058 1750 1104 invento
1787 1055 2020 1117 sanguinis
2050 1056 2249 1104 circuitu

190 1119 348 1167 locum
370 1118 540 1166 vidiffe.
607 1121 792 1167 Iconem
807 1119 920 1166 novi
943 1120 1105 1166 due'tus
1125 1119 1394 1179 pancreatici
1418 1119 1476 1166 ad
1494 1121 1788 1169 WORMIUM
1813 1119 1948 1168 misit.
2015 1120 2088 1167 De
2105 1119 2153 1167 F.
2171 1121 2251 1167 LI-

195 1197 315 1231 CETl
339 1184 533 1230 circuitu
560 1182 792 1245 sanguinis
819 1184 1015 1244 duplici,
1052 1184 1141 1229 alio
1167 1184 1460 1237 arteriarum,
1494 1201 1713 1232 venarum
1740 1186 1842 1238 alio,
1876 1196 1929 1231 ut
1947 1200 2106 1231 exuna
2123 1181 2249 1231 classe

192 1247 249 1293 ad
279 1248 460 1293 alteram
487 1247 602 1293 nihil
632 1246 826 1294 transeat
843 1282 855 1300 ‚
891 1246 965 1292 sed
992 1247 1150 1307 Euripi
1181 1247 1318 1293 modo
1343 1246 1434 1293 huc
1461 1248 1631 1294 illucve
1665 1250 1789 1295 fluat.
1859 1249 2033 1295 Contra
2060 1248 2250 1294 tertium

192 1311 343 1357 cordis
369 1312 675 1357 ventriculum
704 1315 1149 1359 ARlsTOTELICUM.
1235 1312 1322 1358 Pro
1364 1312 1559 1358 circuitu
1598 1310 1830 1372 sanguinis
1870 1312 1926 1358 ad
1961 1312 2251 1359 dubitantem

192 1374 489 1422 WORMIUM
529 1391 652 1422 anno
684 1381 819 1433 1643.
897 1375 1100 1422 Ductum
1141 1375 1476 1436 pancreaticum
1509 1391 1635 1422 nunc
1674 1376 1794 1424 vidit
1824 1392 1946 1423 anno
1974 1381 2110 1435 1644.
2180 1373 2253 1423 Ad

193 1438 248 1486 C.
273 1438 506 1492 FOL1UM,
543 1440 696 1485 mirari
728 1437 771 1485 se
805 1438 930 1499 quod
953 1451 1166 1499 quartum
1192 1437 1324 1485 suum
1357 1437 1595 1487 officulum
1619 1440 1741 1486 aliud
1763 1457 1788 1487 a
1817 1441 2076 1488 SYLV1ANO
2097 1437 2245 1493 faciat,

193 1518 294 1550 non
307 1505 440 1556 reete,
463 1519 572 1549 nam
584 1503 618 1549 F
621 1516 861 1550 omnum
877 1514 1091 1564 quartum
1107 1500 1343 1550 officulum
1360 1502 1419 1549 est
1430 1500 1661 1551 musculus
1676 1503 1915 1565 stapideus.
1973 1503 2043 1552 Ad
2055 1505 2110 1550 A.
2127 1503 2255 1551 PRA-

192 1579 355 1615 TAEUM
386 1578 546 1613 contra
565 1567 784 1614 circulum
812 1568 1074 1614 CARTESH.
1142 1567 1214 1613 De
1231 1568 1413 1614 vulvula
1438 1568 1555 1614 coli:
1591 1567 1646 1615 de
1660 1584 1784 1615 novo
1804 1566 1926 1627 chyli
1944 1567 2245 1627 receptacula

189 1630 507 1686 PECQUE‘IUM
534 1629 740 1684 excusat,
771 1633 851 1690 qui
884 1647 980 1676 non
1011 1630 1178 1677 viderit
1207 1633 1346 1677 lactea
1369 1629 1469 1677 vasa
1498 1632 1552 1677 ad
1582 1631 1720 1692 hepar
1758 1633 1926 1678 euntia.
1996 1633 2248 1680 LYsERUM

191 1693 391 1748 accusat,
427 1695 551 1754 quod
577 1708 717 1740 artem
741 1695 973 1741 incidendi
996 1696 1263 1756 vulgaverit.
1336 1695 1451 1742 Satis
1482 1692 1642 1756 frigide
1665 1695 1720 1742 de
1746 1693 1828 1742 suo
1861 1693 2248 1756 lymphaticorum

191 1756 409 1806 vasorum
438 1760 645 1805 invento.
715 1759 880 1818 Aliqua
908 1770 1066 1805 contra
1094 1755 1356 1806 BACKIUM.
1427 1760 1653 1806 Caeterum
1677 1758 1775 1820 post
1806 1763 2052 1808 Centuriam
2076 1758 2111 1805 1.
2145 1757 2251 1806 reli·

189 1838 284 1884 qua
312 1820 404 1869 fere
434 1825 589 1868 omnia
615 1819 723 1868 sunt
748 1821 1070 1883 discipulorum
1087 1857 1099 1875 ,
1137 1820 1216 1868 sua
1237 1823 1427 1869 inventa
1453 1821 1650 1884 suosque
1679 1824 1852 1871 labores
1876 1839 1978 1869 cum
2012 1823 2249 1870 BARTHO-

190 1899 316 1935 uuo
331 1886 767 1933 communicantium
788 1904 802 1939 ;
838 1888 879 1933 &
895 1884 1087 1946 pretiosa
1101 1884 1214 1947 saepe
1229 1899 1529 1934 monumenta
1546 1888 1724 1935 Nicolai
1736 1890 1991 1936 STENONIS
2021 1890 2066 1933 F.
2152 1885 2252 1933 Olat‘

189 1950 470 1999 BORRICHII
487 1984 500 2003 ,
539 1954 719 1997 Hem-ici
737 1968 782 1997 υ.
803 1951 1148 2003 ΜΟΙΝΙΟΗΕΝ,
1184 1947 1405 1997 Asichaelis
1426 1952 1584 1999 LYSER
1603 1986 1615 2005 ‚
1656 1968 1757 2012 quae
1786 1950 1877 1998 suis
1911 1950 2019 1997 locis
2043 1948 2249 1997 laudabi·
2291 1969 2293 1972 ·

191 2031 310 2062 mus.
378 2014 473 2061 Vix
511 2013 761 2075 quidquam
785 2015 835 2060 in
863 2026 1075 2060 anatome
1102 2015 1157 2060 ab
1189 2030 1313 2061 anno
1338 2022 1472 2072 1639.
1500 2014 1556 2062 ad
1580 2031 1750 2062 annum
1786 2021 1922 2072 1667.
1955 2013 2129 2076 gestum
2153 2012 2245 2067 est,

193 2079 324 2140 cujus
349 2094 445 2124 non
472 2079 641 2138 primos
672 2078 890 2131 nuncios,
928 2079 969 2124 &
997 2077 1292 2124 inventorum
1320 2076 1489 2124 semina
1512 2077 1583 2126 his
1606 2080 1655 2125 in
1677 2078 1874 2139 epistolis
1894 2078 2103 2139 reperias.

328 2179 529 2223 centuria
550 2176 632 2223 111.
657 2177 700 2223 &
723 2176 806 2224 IV.
834 2176 1104 2237 prodierunt
1139 2175 1320 2224 Hafniae
1340 2183 1474 2238 1667.
1499 2176 1613 2233 8⁰.*.
1680 2178 1750 2225 De
1776 2175 1944 2225 femina
1977 2176 2154 2225 duabus
2173 2191 2250 2224 va-

191 2239 313 2301 ginis
341 2239 581 2292 instru&a‚
617 2256 697 2300 per
723 2256 915 2300 quarum
938 2241 1122 2287 alteram
1146 2252 1390 2302 pepererat.
1458 2243 1530 2289 De
1567 2240 1665 2289 fetu
1702 2239 2042 2301 muffipontano
2070 2239 2248 2287 stuten-

190 2304 303 2350 tiam
331 2302 457 2349 dicit.
526 2303 700 2349 Iterum
726 2304 782 2348 de
805 2320 896 2350 ovo
922 2303 1048 2364 quod
1070 2305 1234 2351 mulier
1259 2307 1443 2366 peperit.
1510 2307 1582 2352 De
1599 2303 1949 2366 superfetatione
1975 2305 2250 2365 tergemino-

191 2383 310 2415 rum.
379 2367 536 2426 Agnus
568 2367 880 2426 androgynus.
959 2367 1136 2421 Partus,
1169 2368 1511 2419 BOERHAAVIO
1540 2369 1774 2422 laudatus,
1811 2369 1890 2416 ovi
1913 2370 2096 2431 integri.
2181 2369 2252 2415 Ex

190 2430 386 2477 circuitu
410 2428 640 2490 sanguinis
671 2431 862 2476 invento
885 2431 987 2479 tolli
1011 2428 1220 2478 selectum
1246 2447 1482 2479 venarum.
1549 2433 1619 2479 De
1645 2433 1770 2479 Rum
1799 2432 1952 2479 codice
1975 2467 1988 2486 ,
2023 2449 2157 2492 quem
2191 2448 2247 2478 ex

189 2495 537 2542 FLoxl-:N‘rmo
578 2492 770 2546 habeat,
815 2492 994 2540 diverso
1035 2493 1092 2540 ab
1136 2494 1284 2541 editis.
1353 2497 1460 2542 Duo
1498 2493 1618 2542 fetus
1645 2512 1724 2557 per
1759 2494 2001 2543 abscessum
2040 2495 2247 2543 umbilici

187 2557 348 2667 editi.d
385 2555 503 2604 Vasa
529 2558 668 2604 lad‘tea
691 2557 747 2604 ad
772 2573 988 2604 mammas
1018 2557 1176 2605 euntia
1200 2574 1327 2606 nunc
1348 2557 1517 2608 fatetur
1544 2556 1589 2607 se
1611 2574 1711 2607 non
1740 2571 1865 2608 certo
1897 2558 2071 2614 vidisse,
2138 2561 2244 2608 Ova

188 2637 318 2683 gram
353 2638 392 2668 a.

321 2703 397 2763 EJ.
432 2701 484 2749 de
505 2701 675 2762 injblitc's
690 2714 843 2765 partus
860 2701 1038 2751 humani
1066 2704 1147 2750 ὐἱιὲ
1179 2700 1274 2752 diss.
1305 2702 1486 2753 Hafniae
1504 2710 1640 2766 1664.
1671 2704 1786 2761 8⁰.*.
1855 2706 2154 2755 Occasionem
2189 2703 2244 2749 li-

189 2764 312 2812 bello
337 2765 461 2813 dedit
488 2767 686 2814 duorum
711 2768 1010 2827 gemellorum
1041 2784 1118 2827 per
1153 2769 1288 2835 ulcus
1346 2769 1514 2816 mbilici
1541 2772 1691 2819 exitus
1708 2806 1722 2825 ‚
1751 2771 1930 2819 decimo
1955 2774 2113 2817 octavo
2143 2764 2242 2826 post

188 2831 534 2887 conceptionem
562 2847 700 2878 anuo.
769 2831 880 2878 Inde
901 2832 1160 2892 compilatio
1187 2832 1312 2893 ‘pluri
1362 2849 1386 2879 a
1418 2833 1473 2880 de
1496 2832 1667 2882 fetibus
1697 2850 1776 2896 per
1797 2852 1874 2888 os,
1912 2833 1944 2879 fi
1963 2833 2062 2878 Diis
2081 2832 2238 2891 placet,

189 2907 276 3002 peik->
293 2892 557 3004 umbiliculm
573 2928 589 2949 ,
619 2894 992 2958 hypochondria‚
1027 2895 1131 2952 ilia,
1159 2893 1536 2947 annui-exclusis:
1588 2898 1643 2947 de
1668 2910 1800 2959 partu
1840 2895 2056 2949 ventrali,
2091 2892 2146 2940 de
2177 2889 2242 2940 fe·

190 2964 246 3003 tu
279 2969 332 3002 us
367 2970 493 3016 gravi
525 2973 577 3005 is.

1284 3042 1480 3103 Eee3
2158 3036 2242 3100 Es·
