2556 3442
872 165 918 226 §.
949 179 1060 229 745.
1095 171 1206 230 746.
1269 152 1319 213 V
1350 167 1389 216 A
1421 167 1464 216 R
1494 170 1517 217 I
1550 169 1588 218 Ι.
2169 155 2257 220 801

328 299 502 361 EJUSD.
537 295 589 345 de
614 296 891 345 circulatione
905 298 1132 363 sanguinis
1161 300 1204 344 in
1220 295 1322 358 fetu
1359 295 1485 344 Leid.
1510 303 1642 353 1698.
1665 295 1745 358 4*

326 382 402 443 EJ.
438 380 490 427 de
503 379 726 442 sanguinis
750 390 914 426 natura
947 379 1180 440 Ultrajecst.
1205 385 1341 435 1699.
1364 375 1448 438 4.*

328 465 382 510 A.
406 464 546 509 BUSSI
576 462 626 508 de
657 464 976 522 imaginationis
1007 459 1178 505 viribus
1201 460 1375 523 medicis
1410 459 1534 507 Leid.
1561 466 1696 516 1698,
1721 473 1766 519 4.

326 543 547 590 Alexand.
574 539 924 592 THOMSON‘de
952 557 1061 587 vera
1084 540 1341 602 instituenda
1365 541 1577 588 medicina
1605 546 1773 588 ratione
1805 541 1999 589 Utrecht
2025 547 2157 598 1698.
2178 539 2260 600 4*

198 605 422 655 Defendit:
444 619 688 653 anatomen
710 616 868 652 contra
891 605 940 650 B.
971 604 1024 650 de
1045 606 1267 653 VOLDER
1284 640 1297 659 ,
1335 606 1415 666 qui
1446 622 1645 667 nuperos
1671 603 1885 651 incisores
1919 609 1969 652 in
1997 605 2076 652 sua
2103 607 2156 652 de
2174 603 2259 653 usu

201 674 245 720 &
269 673 445 720 viribus
478 669 666 716 rationis
694 669 744 715 in
767 666 967 716 scientiis
995 669 1202 716 oratione
1227 686 1304 717 eos
1337 668 1589 731 carpserat,
1623 670 1749 730 quod
1767 669 1906 715 fluida
1926 672 2223 731 negligerent.

329 754 403 814 EJ.
444 751 594 805 Scoti,
631 749 940 813 elffii-tationes
965 750 1130 798 medicae
1157 750 1209 798 de
1225 763 1343 799 motu
1362 769 1443 814 quo
1469 758 1721 799 renituntur
1748 752 1915 799 canales
1940 755 1985 796 in
1998 751 2144 813 fluida
2167 760 2259 799 cor-

193 822 314 881 poris
340 817 570 864 animalis:
607 816 659 861 de
684 815 841 861 morbis
865 820 998 861 animi
1033 815 1154 862 Leid.
1178 828 1314 874 1705.
1333 816 1413 870 8.*
1482 818 1566 863 Vir
1593 817 1768 878 ingenii
1803 813 1946 862 facilis
1978 817 2020 861 &
2054 814 2261 875 judiciofi

192 884 392 938 ,omnino
425 880 580 927 eadem
606 897 708 926 cum
736 882 1080 928 BOERHAAvxo
1110 878 1267 932 sensit,
1304 879 1552 940 discipulus
1574 882 1895 929 DUVERNEYl.
1963 879 2261 926 Praemittitut

197 945 350 992 brevis
378 945 564 992 historia
595 945 702 991 artis
727 944 925 989 medicae.
995 944 1050 989 In
1085 944 1121 990 I.
1151 942 1262 990 Diff.
1304 960 1402 990 non
1436 961 1513 991 cor
1548 944 1698 992 solum
1735 943 2005 1005 sanguinem
2032 945 2083 989 in
2123 959 2261 990 venas

196 1012 472 1072 propellere,
509 1007 584 1054 sed
609 1011 793 1054 arterias
819 1008 954 1054 etiam
975 1005 1057 1053 suo
1084 1009 1248 1054 renixu
1280 1024 1385 1054 eum
1410 1021 1590 1056 motum
1621 1010 1849 1070 adjuvare.

142 1136 153 1142 ,
329 1094 386 1139 In
405 1090 515 1138 Diff.
539 1092 597 1136 V.
630 1091 724 1151 opii
755 1090 850 1135 vim
886 1089 940 1135 ad
978 1088 1321 1137 rarefafflonem
1360 1089 1499 1137 refert
1529 1090 1794 1152 sanguinis,
1847 1107 1871 1137 a
1905 1105 1996 1151 qua
2032 1087 2260 1150 liquidum

196 1172 418 1204 nerveum
441 1153 647 1202 subsistat
664 1188 677 1208 ,
715 1154 909 1201 &nervi
935 1155 1311 1215 conprimantur‚
1350 1157 1393 1202 &
1414 1153 1602 1203 somnus
1630 1154 1727 1204 fiat.

759 1281 808 1338 ἒ.
844 1284 888 1329 D
906 1272 1166 1331 CC'XLV
1180 1284 1216 1330 I.
1323 1287 1487 1332 Diaria
1523 1284 1686 1346 aliqua.

325 1379 384 1427 In
419 1376 522 1442 Eph.
552 1383 681 1431 Nat„
710 1384 809 1427 Cur.
838 1384 943 1426 Dec.
965 1381 1048 1427 III.
1072 1398 1178 1428 ann.
1207 1382 1314 1428 VII.
1337 1382 1467 1430 VIII.
1497 1381 1580 1442 obs:
1608 1394 1680 1442 53.
1750 1380 1946 1431 Michael
1964 1380 2119 1430 PAULI
2152 1393 2261 1425 con-

197 1444 344 1506 ceptio
370 1461 449 1505 pei·
472 1445 684 1505 vaginam
709 1461 823 1504 pene
851 1458 1110 1493 connatam.

322 1526 459 1575 IDEM
488 1527 539 1573 E.
559 1527 621 1573 N.
642 1527 695 1572 c.
736 1528 905 1573 emal.
938 1527 1019 1587 obs
1040 1540 1114 1586 50.
1149 1528 1344 1591 Vagitus
1365 1517 1539 1578 uterini
1565 1527 1767 1577 historia.

326 1613 445 1677 Ceut.
465 1609 526 1656 II.
555 1608 641 1668 obst
662 1622 768 1663 115.
804 1608 984 1657 Menses
1012 1612 1063 1657 in
1085 1613 1256 1660 vetula.

285 1710 293 1712 ‘⁷
330 1694 447 1739 Cent.
465 1691 548 1738 VI.
579 1691 662 1751 obs.
684 1703 757 1747 29.
794 1691 924 1739 Anus
954 1692 1276 1755 imperforatus
1294 1707 1540 1756 reparatus.

199 1765 237 1801 ’ν
329 1772 422 1833 Ohs.
450 1786 527 1833 74.
563 1773 746 1822 Menses
765 1775 815 1821 in
842 1773 1208 1836 septuagenaria,
1247 1779 1288 1824 &
1308 1791 1384 1836 75.
1406 1779 1457 1824 in
1477 1778 1676 1841 gravida,
1704 1778 1846 1840 inque
1860 1776 2009 1838 puella
2032 1772 2251 1821 novenni.

328 1857 417 1904 Vol.
439 1857 523 1903 IV.
546 1857 626 1917 obs
647 1868 750 1904 120.
787 1859 935 1919 Virgo
962 1859 1167 1918 partibus
1193 1860 1488 1907 inferioribus
1509 1858 1676 1908 setofis.

328 1938 416 1986 Vol.
438 1939 498 1985 V.
529 1939 612 1998 obsi
638 1946 711 1994 68.
771 1940 910 1986 Varia
948 1942 1134 1988 rariora.
1202 1942 1295 1989 Cor
1330 1941 1424 1989 fine
1459 1943 1726 2004 pericardio.
1794 1942 1909 1990 Lien
1946 1938 2256 2001 triangularis.

192 1998 326 2049 Offea
350 2019 587 2065 compages
611 2004 663 2050 in
688 2003 801 2051 tuba
822 2006 956 2051 uteri.
1486 2017 1489 2019 “

163 2130 166 2131 .
322 2086 377 2131 In
404 2087 499 2131 Αὲἳ.
525 2090 612 2136 Lit.
644 2091 771 2133 Mar.
794 2085 940 2137 Bulth.
961 2094 1098 2144 1699.
1131 2092 1230 2143 Jac.
1256 2087 1508 2137 Reinholdus
1531 2090 1778 2137 WAGNER
1819 2088 1896 2134 dat
1926 2096 2169 2134 anatomen
2192 2081 2256 2129 fe-

191 2159 265 2196 tus
294 2165 391 2195 non
426 2151 783 2204 incommodam,
819 2180 821 2182 -
853 2150 1063 2199 Urachus
1106 2169 1276 2208 caecus,
1328 2156 1468 2201 nullae
1501 2155 1553 2202 in
1591 2170 1710 2202 vena
1747 2151 1997 2202 umbilicali
2025 2151 2255 2201 valvulae-;

190 2229 352 2260 mucus
379 2228 597 2261 cruentus
620 2216 670 2260 in
696 2215 970 2261 ventriculo.
1026 2239 1032 2241 ἡ

264 2300 269 2301 ’
322 2296 389 2343 Ib.
422 2296 544 2343 Febr.
582 2297 783 2356 Embryo
810 2295 970 2344 suillus
1000 2295 1291 2358 petrefadius.

253 2370 263 2373 “
319 2378 387 2425 Ib.
415 2382 663 2426 MsMart.
699 2378 863 2427 Incifio
884 2378 1067 2427 feminae
1093 2382 1306 2443 gravidae.
1374 2380 1579 2432 Officula
1609 2384 1949 2431 WOleANA.

319 2460 440 2508 Puto
471 2463 514 2507 &
541 2461 638 2521 ejus
661 2461 723 2508 est
749 2466 820 2508 M.
846 2463 993 2525 April.
1027 2465 1255 2524 porcellus
1284 2464 1582 2527 bicorporeus
1604 2466 1746 2526 capite
1774 2461 2074 2524 semiduplici.

322 2546 392 2588 M.
427 2542 595 2590 anbr.
630 2545 818 2604 porcelli
840 2544 959 2599 duo,
996 2547 1111 2593 alter
1135 2547 1328 2608 pedibus
1351 2547 1661 2610 quinquefidis
1678 2581 1690 2602 ,
1721 2563 1865 2594 cornu
1893 2563 1949 2593 ex
1970 2543 2151 2595 fronte3
2188 2541 2251 2588 al-

181 2615 259 2673 ·ter
282 2621 386 2652 cum
406 2607 653 2666 appendice
675 2609 833 2655 cranii.

313 2690 442 2735 Anno
473 2701 608 2746 1700.
634 2691 780 2752 April.
816 2692 965 2752 aliqua
995 2692 1050 2739 ad
1077 2692 1240 2742 ductus
1262 2692 1489 2749 salivales,

258 2820 263 2827 Ν
318 2771 361 2816 &
387 2774 457 2816 Μ.
487 2773 612 2825 Julio
639 2771 695 2817 ad
719 2774 918 2819 colorem
947 2775 1227 2837 AEthiopum.

314 2855 384 2899 M.
415 2855 529 2914 Sept.
564 2854 649 2900 alia
678 2854 861 2915 lympha
889 2870 1128 2912 concreta,
1165 2856 1267 2905 vasa
1298 2857 1572 2920 lymphatica
1598 2859 1765 2922 juguli.

249 2917 366 2978 Q,
384 2934 444 2979 N.
474 2935 526 2980 C.
554 2939 667 2983 Cent.
691 2936 748 2982 ΙΙ.
776 2937 857 2997 obs.
875 2950 976 2996 113.
1011 2939 1195 2995 hirene,
1231 2958 1367 3001 quem
1403 2944 1462 2991 ob
1498 2944 1638 2992 ubera
1674 2936 1882 3004 promissa
1909 2940 1952 2988 ἃ
1983 2936 2146 2986 rimam
2174 2951 2251 2997 pe·

186 2996 319 3044 rinaei
340 2996 477 3044 habet
498 3015 582 3059 pro
607 3002 892 3063 androgyno.
2188 3046 2197 3048 s

1187 3086 1374 3137 liiii
1509 3122 1512 3124 -
2164 3085 2245 3146 EJ.
