2556 3442
719 102 1732 168 §.mximum-ornnes,
2183 132 2246 182 47

332 249 401 294 De
423 244 627 306 sensibus,
658 248 884 307 memoria,
920 242 1113 303 meno,¹
1144 244 1436 300 divinatione,
1481 247 1723 307 insomniis,
1763 248 1822 306 ἓξ
1854 265 1967 302 motu
1999 255 2247 304 animalium

209 308 325 358 ibid.
359 312 476 358 Plut.
509 317 583 369 87.
620 312 662 357 &
696 323 799 355 eum
822 306 937 353 libro
963 306 1015 352 de
1033 306 1242 365 seneft'ute
1270 309 1495 375 LAMBEC.
1523 312 1626 359 VII.
1654 329 1695 371 p.
1720 319 1798 369 76.

333 397 403 439 De
416 392 540 451 sensti
568 388 627 446 ἓξ
639 387 879 448 sensilibus,
914 392 1118 435 memoria
1131 407 1145 441 3
1176 389 1322 448 somno
1349 388 1409 445 ἓξ
1425 391 1579 452 vigilia
1608 389 1667 447 ἓξ
1686 391 1955 440 divinatione
1978 398 2023 443 Β.
2048 397 2243 449 Mssmc,

308 469 400 520 >De
432 473 798 521 rememoratione,
838 468 1014 527 somno,
1059 469 1238 532 vigilia,
1275 469 1402 529 sensu
1421 505 1435 525 ,
1458 472 1629 531 fiensato
1647 506 1661 526 ‚
1704 472 1831 532 canfis
1857 473 1984 536 longae
2017 476 2072 532 ἓξ
2107 479 2246 529 brem-5

205 541 305 584 vitae
339 538 390 584 in
413 536 460 590 B.
486 535 710 580 BODLEY.
732 548 777 577 n.
805 537 940 587 3623.
1630 530 1651 551 ἰ’

333 617 573 664 Librorum
597 613 649 658 de
671 613 919 659 animalium
949 611 1130 674 incessit,
1155 611 1276 671 fi'nfit
1303 613 1362 670 ἐξ
1385 615 1674 674 sensibilibus,
1710 629 1827 663 motu
1859 618 2111 664 animalium
2133 653 2145 673 ,
2181 624 2246 680 se-

201 682 361 730 neflute
383 678 479 735 &a
521 674 579 732 ἓξ
602 676 876 737 respiratione
902 676 1045 723 codex
1067 678 1129 722 ιιι
1147 676 1260 722 Bibl.
1286 680 1531 727 MEDmEA
1559 680 1678 726 Plut.
1709 687 1784 734 81.
1971 691 1977 696 ’

326 760 428 807 Lib.
462 759 515 805 de
529 758 704 817 somno,
757 761 855 803 vita
881 755 940 813 &⁹
964 769 1127 812 morte,
1179 758 1455 823 longitudine.
1478 757 1537 816 ἐξ
1565 759 1807 815 brevitate,
1836 761 2069 820 juventute
2100 760 2158 818 &³
2185 762 2250 821 se-

197 824 358 873 ueritate
391 824 442 869 in
473 822 753 869 VAT1cANA
785 837 831 867 n.
857 832 966 879 429.
1912 833 1915 836 ’

326 903 455 952 Libri
478 902 530 949 de
551 902 727 962 somno,
766 902 918 963 vigilia
948 900 1007 958 ἓξ
1032 901 1302 952 divinatione
1320 918 1404 967 per
1420 904 1588 963 somnia
1611 905 1661 952 in
1690 903 1885 954 Bible‘R.
1907 905 1954 953 P.
1984 921 2030 953 n.
2059 912 2196 966 6781.

326 990 396 1032 De
411 983 537 1044 sensu
561 981 619 1039 &f
637 981 822 1042 sensibili
848 980 909 1040 ἐξ
939 983 991 1030 de
1010 986 1156 1044 somno
1186 987 1233 1032 Β.
1258 986 1314 1033 R.
1343 986 1391 1032 P.
1421 1002 1468 1032 ιι.
1488 997 1628 1042 2032.

327 1065 427 1113 Lib.
454 1064 505 1111 de
529 1064 775 1111 animalium
792 1063 942 1126 incessu
965 1064 1090 1112 solus
1104 1067 1327 1113 LAMBEC.
1357 1066 1462 1112 VII.
1483 1083 1524 1126 p.
1548 1080 1624 1122 99.
1656 1067 1707 1114 in
1726 1066 1773 1113 B.
1800 1067 1856 1114 R.
1883 1066 2018 1117 Paris.
2041 1084 2088 1115 ιι.
2111 1071 2246 1127 1864.

199 1131 242 1177 δε
271 1129 322 1176 in
347 1131 593 1177 MEDICEA
616 1127 736 1173 Plut.
767 1134 841 1186 87.
877 1131 928 1174 in
951 1130 999 1174 B.
1025 1128 1142 1190 publ.
1174 1129 1379 1176 Cantabr.
1407 1145 1452 1185 n.
1474 1136 1624 1183 2286.Δ
1651 1165 1654 1168 -

325 1211 456 1258 Solus
484 1211 514 1255 l.
551 1208 603 1254 de
628 1207 810 1255 motibm
838 1209 1088 1255 animalium
1122 1210 1294 1270 Colleg.
1321 1210 1584 1257 BAILLIOL.
1606 1227 1652 1256 n.
1676 1221 1783 1270 274.

332 1293 464 1339 Solus
487 1291 598 1337 liber
624 1288 813 1346 defensa
842 1288 900 1345 ἓξ
913 1288 1095 1347 senfibili
1121 1290 1169 1335 Β.
1196 1290 1252 1336 R.
1281 1290 1329 1336 P.
1357 1290 1394 1336 I.
1420 1306 1467 1337 ιι.
1498 1301 1605 1346 3Φ2.
1665 1292 1777 1337 Bibl.
1801 1292 1856 1338 R.
1887 1291 2034 1340 Lond.
2064 1311 2112 1354 p.
2135 1304 2242 1353 2¹4.

200 1357 248 1402 Β.
273 1360 397 1401 Mon.
424 1354 477 1404 de
497 1355 635 1400 LYRA
659 1351 869 1401 MONTE.
895 1351 1243 1399 Vindobonenfi
1276 1353 1381 1400 VII.
1418 1370 1460 1414 p.
1487 1360 1564 1408 81.
1632 1354 1822 1402 Arabice
1856 1357 1904 1403 B.
1934 1356 1991 1404 R.
2021 1356 2154 1405 Paris.
2184 1359 2243 1406 ΙΙ.

200 1435 246 1465 n.
274 1424 412 1471 2028.
438 1427 576 1475 2034.

327 1517 396 1560 De
415 1512 563 1572 somno
598 1509 657 1567 ἓξ
680 1510 837 1573 ‘vigilia
869 1511 917 1558 Β.
949 1510 1012 1563 Κ.
1045 1511 1191 1557 Lond.
1222 1513 1264 1559 &
1288 1528 1382 1559 una
1405 1512 1456 1559 de
1482 1512 1754 1561 divinatione
1780 1518 1825 1563 in
1840 1516 1988 1576 somno
2012 1517 2081 1565 ΒΟ
2093 1531 2240 1567 DLEY.

326 1611 397 1656 De
426 1611 630 1654 memoria
658 1604 724 1662 ἓξ
749 1605 1064 1666 reminiscentia
1094 1609 1141 1654 B.
1172 1608 1228 1654 R.
1260 1608 1407 1655 Lond.
1433 1610 1480 1655 Β.
1503 1611 1561 1656 D.
1593 1611 1786 1658 MARCI.

327 1707 398 1752 De
422 1702 686 1766 longitudine
715 1700 774 1758 &
800 1701 1012 1750 brevitate
1035 1707 1162 1757 vitae,
1200 1703 1341 1750 latine
1370 1704 1420 1751 in
1447 1705 1495 1751 B.
1521 1706 1763 1753 MEDICEA
1791 1707 1909 1754 Plut.
1933 1714 2008 1767 85.

327 1804 396 1847 De
413 1803 643 1861 principiis
671 1809 835 1851 motus,
863 1797 1129 1861 progreffits,
1169 1798 1227 1856 &⁷
1251 1811 1369 1847 motu
1393 1801 1664 1854 animalium,
1695 1803 1809 1848 Coll.
1830 1803 1953 1850 Nov.
1979 1805 2122 1852 Oxm.

325 1894 465 1941 Porro
494 1895 844 1942 ARISTOTELES
874 1894 924 1950 in
963 1895 1079 1941 libro
1102 1910 1194 1954 περι
1223 1893 1452 1952 occupamur
1487 1914 1755 1952 ακουτμοιτων
1787 1898 1984 1946 recenset
2017 1916 2091 1954 ea,
2141 1917 2240 1961 quae

198 1959 252 2005 cle
285 1958 435 2005 bestiis
472 1960 514 2004 &
554 1959 606 2003 de
651 1956 861 2004 universa
898 1970 1059 2005 natura
1084 1958 1213 2005 valde
1237 1960 1470 2020 peregrina
1505 1962 1547 2006 &
1575 1957 2003 2021 fingularia'auditu
2043 1966 2236 2025 accepit,

199 2023 243 2069 &
271 2038 468 2082 quorum
490 2022 634 2068 multa
656 2022 832 2067 exstant
864 2022 915 2067 in
941 2020 1109 2083 historia
1142 2024 1404 2069 animalium.
1472 2024 1768 2070 Intercedunt
1794 2036 1947 2070 tamen
1979 2028 2023 2071 ὃς
2056 2028 2155 2080 alia,
2187 2044 2240 2073 ut

200 2087 291 2132 mel
311 2084 534 2131 thracium
553 2102 564 2129 :
582 2086 688 2131 ‘mel
706 2101 761 2130 ex
785 2086 909 2131 buxo
939 2085 1175 2145 ponticum
1196 2098 1484 2132 venenatum.
1533 2087 1786 2146 Hydromel
1814 2087 1864 2133 iu
1887 2089 2054 2148 Illyria.
2113 2093 2239 2137 Scor-

199 2149 380 2208 piorum
410 2146 627 2193 immensa
653 2149 779 2207 copia
806 2150 857 2194 in
880 2148 955 2194 via
989 2147 1106 2196 Susis
1136 2149 1183 2195 in
1211 2149 1413 2195 Mediam
1449 2150 1656 2202 ducente,
1692 2149 1816 2208 quod
1842 2151 2023 2197 videtur
2051 2153 2106 2199 ad
2122 2151 2237 2200 scor-

204 2211 362 2269 piones
392 2209 722 2257 Caschanenses
753 2212 888 2258 etiam
911 2210 1064 2258 nostro
1088 2228 1186 2257 aevo
1212 2212 1404 2259 celebres
1421 2211 1628 2272 speritate.
1696 2211 1886 2259 Insaniae
1912 2216 2037 2261 varia
2059 2232 2235 2276 genera.

198 2273 384 2319 Montes
399 2273 633 2334 ⁴ignivomi
663 2274 802 2326 varii,
847 2275 984 2320 etiam
1011 2275 1241 2335 Liparieus
1259 2309 1271 2327 ,
1307 2292 1404 2321 non
1419 2292 1527 2321 vero
1542 2273 1782 2322 Vesuvius.
1874 2275 2065 2324 Metalla
2089 2279 2236 2326 statim

199 2333 277 2381 sua
305 2337 347 2381 &
375 2334 625 2381 crescentia.
693 2337 903 2383 Indicum
931 2354 1002 2384 aes
1029 2354 1139 2383 auro
1171 2337 1337 2390 fimile,
1369 2336 1537 2384 olfad‘cu
1566 2337 1819 2398 separabile.
1889 2342 2017 2387 Oleae
2045 2343 2237 2402 peculia-

199 2413 293 2450 res,
331 2400 372 2444 Sc
406 2413 547 2456 quam
572 2399 791 2445 Hercules
820 2401 869 2453 in
900 2401 1131 2460 Olympiis
1156 2402 1453 2460 plantaverit,
1502 2400 1718 2447 haetenus
1752 2400 1981 2462 superstes.
2065 2405 2233 2451 Fluxus

202 2463 243 2507 &
281 2461 480 2506 refluxus
514 2459 668 2506 lunam
707 2460 894 2520 sequens
931 2463 982 2508 in
1020 2462 1136 2508 freto
1171 2464 1336 2510 Siculo.
1407 2465 1663 2512 Caeruleum
1702 2466 1936 2511 metallum
1976 2467 2231 2514 Demonefi.

200 2524 439 2569 Columnae
464 2524 514 2568 in
539 2521 672 2582 specu
699 2540 752 2569 ex
774 2526 914 2584 guttis
942 2524 1241 2573 consistentes.
1308 2527 1449 2574 Alnos
1479 2530 1528 2574 in
1566 2528 1701 2574 Creta
1738 2526 1937 2574 fruetum
1970 2528 2098 2577 ferre.
2165 2532 2234 2576 Pi..

199 2585 288 2633 sees
320 2586 578 2646 Babyloniae
616 2584 779 2633 foffiles
814 2590 856 2634 ὃς
889 2589 1109 2634 volatiles.
1177 2590 1234 2635 In
1269 2589 1502 2637 Ombricis
1534 2589 1689 2637 insulis
1730 2591 1864 2637 etiam
1902 2594 2110 2640 mulieres
2146 2595 2233 2652 ple-

197 2647 387 2709 rumque
422 2650 626 2710 geminos
667 2651 709 2694 &
756 2652 1029 2711 tergeminos
1069 2668 1233 2711 parere.
1321 2654 1483 2712 Populi
1511 2653 1818 2707 Phaetontiae,
1858 2655 2004 2701 Violae
2054 2659 2231 2702 Aetnece

199 2711 515 2771 copioslffimae.
584 2713 827 2758 Venenum
859 2715 1096 2767 celticum,
1133 2732 1227 2775 quo
1253 2718 1381 2762 taetae
1414 2715 1517 2763 ferae
1543 2717 1765 2762 continuo
1797 2730 1988 2777 pereunt
2021 2720 2063 2764 δε
2082 2730 2230 2777 putre-

197 2773 350 2827 scunt,
406 2777 448 2821 &
483 2775 612 2835 cujus
652 2776 883 2823 antidotus
916 2791 1070 2824 cortex
1100 2795 1271 2837 querna
1309 2778 1362 2824 fit
1395 2793 1474 2826 aut
1508 2779 1667 2825 solium
1699 2797 1896 2838 κορακιον.
1966 2782 2136 2826 Oleum
2175 2794 2229 2823 ex

199 2837 453 2883 terebintho
479 2840 528 2883 in
556 2836 715 2883 insulis
745 2839 999 2897 Gymnasiis
1032 2858 1168 2900 prope
1201 2842 1404 2888 Iberiam.
1474 2845 1527 2889 In
1556 2844 1623 2888 M.
1659 2843 1823 2888 Comio
1862 2840 1965 2887 fons
2005 2845 2102 2887 oleo
2139 2841 2228 2886 stil-

196 2901 310 2947 lans.
377 2901 563 2962 Lapides
594 2900 797 2950 ardentes
814 2903 866 2950 in
888 2903 1036 2951 Ponto
1051 2937 1063 2957 ,
1100 2920 1260 2966 nempe
1281 2903 1615 2955 lithanthraces.
1681 2906 1737 2953 In
1754 2903 1925 2953 Bisaltis
1946 2905 2048 2952 bina
2073 2904 2227 3011 oviuqm

2147 2981 2183 3013 ea
2205 2981 2228 3012 θ
