2556 3442
324 163 383 208 54
733 144 1160 201 ηιμ-ιω.
1229 136 1772 189 1.-GRAECI.·

323 283 414 339 lae)
432 317 445 337 ,
479 283 676 344 primum
699 280 865 341 rectius
889 281 1235 340 interpretatum
1260 275 1342 325 effe
1377 275 1469 336 (m)
1483 311 1496 325 .
1563 277 1725 324 Fetum
1744 290 1769 320 a
1791 270 1982 334 septimo
2003 273 2154 322 mense
2173 274 2229 322 ad
2251 275 2369 323 deci-

323 364 452 395 mum
464 348 648 393 vitalem
660 343 780 392 nasci
792 342 908 404 poffe
943 342 1017 403 (n)
1034 378 1044 388 .
1113 343 1372 401 Praecipuus
1394 340 1576 387 demum
1596 341 1721 386 locus
1739 339 2036 384 Anatomicus
2054 340 2371 399 DIOCL18.(0)

326 427 351 457 a
374 412 653 458 MACROBJO
687 407 974 455 conservatus
999 405 1074 451 est.
1154 406 1313 451 Ovum
1342 403 1598 449 humanum
1629 400 1853 461 deseripfit
1874 436 1886 454 ‚
1934 402 2327 449 membranaceum
2351 436 2365 456 ,

329 474 451 535 quod
480 475 616 520 altera
642 469 922 518 hebdomade
949 470 1090 529 guttis
1114 466 1345 527 sanguinis
1373 477 1576 526 tegatur3
1611 466 1744 512 tertia
1764 464 1887 511 addit
1912 463 2177 526 sanguinem
2200 467 2251 511 in
2272 466 2368 526 ejus

263 554 266 555 ’
327 536 530 584 'vesiculae
563 549 718 582 centro
744 534 950 593 adparere
970 566 981 584 ‚
1018 543 1177 590 quarta
1204 530 1304 589 cogi
1327 530 1376 574 in
1399 530 1544 574 c'arnis
1569 528 1787 574 mollioris
1818 527 2037 588 speciem:
2074 531 2235 588 quinta
2250 527 2366 589 figu-

327 617 423 647 ram
449 599 696 646 humanam
725 598 818 656 apis
855 594 1168 654 magnitudine
1192 591 1382 637 subinde
1410 592 1621 651 reperiri,
1661 593 1814 636 omnia
1852 608 1929 651 per
1963 595 2163 638 membra
2197 587 2370 651 expres-

282 673 297 677 ’
326 663 458 710 sam:
507 664 557 708 in
592 660 812 707 feminino
845 656 942 703 fetu
982 656 1077 701 haec
1108 654 1232 700 sexta
1266 654 1449 699 demum
1493 652 1773 699 hebdomade
1817 653 2029 716 conspici.
2123 656 2194 702 Ita
2232 671 2368 715 porro

314 728 477 788 -pergit
499 742 576 786 per
601 721 901 770 hebdomadas
933 721 1210 765 mutationes
1237 733 1440 763 enarrare
1456 751 1468 770 ‚
1509 733 1610 776 quae
1643 716 1764 762 fiunt
1789 719 1838 762 in
1863 716 2048 764 homine
2074 730 2198 765 nato.
2267 716 2371 763 Post

330 790 498 850 septem
536 789 630 833 dies
669 786 934 832 umbilicum
967 782 1135 834 delabi,
1170 780 1268 840 post
1294 780 1365 826 bis
1393 778 1559 840 septem
1592 782 1749 825 oculos
1775 781 1830 825 ad
1850 783 2005 827 lumen
2030 780 2073 827 se
2091 792 2367 833 convertere,

328 853 426 914 post
469 850 627 911 septies
672 848 838 908 septem
879 848 1034 891 oculos
1081 846 1122 890 ἅ
1152 856 1294 890 totam
1338 841 1497 888 faciem
1530 844 1758 894 converti,
1807 842 1995 903 septimo
2026 844 2174 890 mense
2211 845 2367 890 dentes

327 918 524 975 incipere
551 928 786 971 emergere.
854 909 954 955 Post
981 921 1047 953 ter
1072 906 1238 967 septem
1258 905 1436 952 vmenses
1463 907 1614 965 loqui,
1652 905 1748 965 post
1779 919 1934 965 quater
1951 905 2119 966 septem
2147 908 2368 959 incedere,

330 982 372 1025 ἃ
399 995 498 1037 quae
524 978 651 1035 plura
678 974 944 1032 sequuntur.
1030 970 1278 1016 Fatendum
1310 969 1370 1014 est
1397 981 1578 1023 tamen,
1625 972 1955 1016 MACROBHJM
1987 969 2082 1015 haee
2118 971 2273 1016 onmia
2311 969 2373 1016 ita

326 1057 428 1088 cum
460 1043 736 1087 STRATONE
769 1035 1061 1094 Peripatetico
1095 1033 1354 1079 communia
1377 1031 1549 1086 facere,
1585 1046 1639 1079 ut
1672 1049 1774 1078 eum
1811 1034 1952 1091 priori
1989 1035 2089 1079 loco
2121 1033 2364 1079 nominet:

326 1104 449 1151 unde
478 1105 644 1148 iterum
676 1113 806 1159 putes
833 1100 1080 1145 DIOCLEM
1115 1095 1293 1149 vixiffe,
1330 1097 1524 1155 quando*
1543 1095 1770 1141 numerosi
1798 1097 1889 1155 jam
1908 1113 1963 1141 ex
1984 1098 2130 1155 Lyceo
2160 1098 2372 1143 celebres-

330 1184 417 1227 que
448 1167 539 1213 viri
574 1165 847 1224 prodierant.
916 1162 982 1208 Ut
1016 1173 1168 1205 tamen
1205 1160 1259 1204 de
1292 1176 1400 1204 vero
1433 1162 1614 1206 auCtore
1645 1158 1699 1204 sit
1727 1158 1889 1204 harum
1920 1159 2271 1213 hebdomadum,
2309 1171 2374 1206 ta-

328 1247 432 1276 men
447 1230 510 1280 ‘ad
542 1229 935 1274 HIPPOCRATICA
971 1225 1133 1284 placita
1162 1222 1266 1269 fieta
1298 1222 1378 1268 effe
1403 1223 1600 1283 adparet.

450 1324 549 1385 Ipse
581 1322 680 1368 suas
718 1323 944 1367 mularum
983 1319 1260 1365 diffeftiones
1293 1321 1386 1380 (p)
1423 1320 1555 1371 citat,
1603 1335 1794 1379 quarum
1833 1320 1954 1365 locos
1995 1320 2106 1364 male
2137 1317 2371 1378 dispositos

327 1388 503 1436 causam
543 1385 1044 1432 effesterilitatiscum
1088 1384 1403 1430 EMPEDOCLE
1437 1383 1604 1442 recepit
1646 1383 1833 1428 Librum
1858 1383 2086 1428 XXXIII.
2154 1383 2377 1430 Parscm-

325 1467 421 1501 Nus
457 1455 563 1499 citat
595 1449 647 1494 de
668 1449 842 1508 semine,
875 1448 955 1493 ubi
985 1461 1118 1507 negat
1148 1449 1372 1494 DIOCLES
1402 1444 1604 1507 spumam
1630 1445 1739 1499 effe,
1777 1447 1900 1506 quod
1921 1446 2103 1507 gravius
2133 1461 2248 1506 aqua
2270 1445 2340 1493 fit.

984 1588 1021 1637 §.
1058 1585 1104 1630 X
1116 1584 1161 1630 X
1175 1584 1219 1629 V
1233 1584 1254 1629 I
1268 1583 1304 1631 Ι.
1404 1586 1697 1644 Praxagoras.

453 1685 604 1736 Cous,
640 1683 903 1730 NICARCHI
937 1679 1086 1734 filius,
1126 1679 1430 1740 Asclepiades,
1468 1677 1618 1739 &ipse
1642 1678 1739 1738 post
1762 1680 2010 1727 DiocLl-:M
2041 1681 2115 1740 (q)
2150 1677 2263 1725 solet
2289 1695 2375 1726 nu-

326 1750 487 1804 merari
522 1749 618 1804 (ν),
648 1757 895 1806 praeceptor
917 1746 1241 1797 Hmomm.
1271 1746 1311 1790 &
1341 1741 1494 1803 paffim
1520 1741 1870 1789 interincisores
1888 1742 2155 1795 recensetur,
2193 1744 2298 1789 alias
2313 1756 2378 1790 ta-

323 1830 429 1861 men
462 1813 580 1858 inter
617 1827 718 1863 eos,
769 1811 847 1868 qui
889 1810 1034 1854 obiter
1064 1811 1111 1854 in
1146 1824 1194 1853 ea
1226 1820 1319 1853 arte
1351 1805 1438 1852 sint
1472 1804 1635 1852 versati
1662 1805 1779 1866 (s):
1836 1808 2007 1852 medica
2051 1809 2203 1866 potius
2245 1807 2377 1852 laude

324 1877 561 1927 inclaruit,
598 1876 639 1919 &
665 1873 945 1933 conjecf'turas
974 1874 1024 1916 in
1054 1868 1379 1931 physiologiam
1415 1870 1586 1916 intulit.
1655 1871 1808 1916 Habet
1854 1871 2084 1917 acetabula
2123 1870 2244 1916 uteri
2279 1874 2373 1927 (t),

327 1939 509 1988 arterias
555 1935 726 1998 pulsare
769 1937 831 1981 ait
863 1936 910 1981 vi
947 1935 1151 1995 ingenita
1185 1933 1286 1992 (u),
1338 1936 1380 1980 Sc
1408 1933 1523 1979 dixit.
1559 1935 1822 1980 arteriarum
1855 1934 1932 1988 (x)
1966 1947 2144 1980 motum
2178 1932 2375 1980 sensibus

329 2003 547 2053 obvium,
584 2002 844 2059 primusque
881 1997 1005 2044 fuiffe
1036 1998 1244 2050 videtur,
1282 1997 1363 2057 qui
1396 1995 1549 2056 pulsus
1583 1997 1668 2056 (y)
1703 1999 1889 2044 nomine
1921 1997 2074 2043 nostro
2104 1995 2234 2042 sensu
2268 1995 2375 2043 usus

327 2063 394 2111 fit.
464 2063 710 2116 Cerebrum
748 2062 822 2115 (z)
859 2078 940 2121 pro
971 2060 1298 2107 efflorescentia
1328 2060 1521 2120 quadam
1553 2057 1736 2118 spinalis
1768 2062 1976 2108 medullae
2002 2060 2179 2106 habuit.
2262 2061 2375 2107 Aor-

325 2141 418 2174 tam
454 2143 616 2174 venam
656 2124 834 2172 crassam
861 2125 977 2171 dixit
1010 2124 1084 2179 (a)
1105 2161 1115 2171 .
1202 2125 1457 2171 Utilitatem
1484 2120 1790 2181 respirationis
1817 2123 1896 2170 effe
1927 2125 1975 2170 in
2002 2124 2375 2170 corroboratione

326 2193 486 2238 animae
524 2191 594 2250 (b)
612 2225 622 2237 .
691 2187 917 2236 Proceffus
956 2189 1009 2235 ab
1035 2200 1167 2237 utero
1187 2188 1241 2233 ad
1264 2200 1454 2246 utraque
1479 2187 1556 2233 ilia
1576 2187 1642 2245 (c)
1670 2185 1817 2234 miffos
1833 2187 1948 2234 dixit
1972 2186 2107 2235 finus.
2176 2188 2375 2234 Arterias

378 2316 455 2364 (m)
485 2315 647 2358 GALEN.
679 2312 834 2366 compos]
859 2311 935 2366 fic.
972 2316 1038 2358 loc.
1069 2313 1108 2354 L.
1132 2313 1192 2354 VI.
2245 2249 2375 2297 lede

376 2370 441 2416 (n)
471 2367 704 2409 Cimsomu.
735 2380 756 2406 c
793 2379 827 2418 7.

379 2420 444 2469 (ο)
473 2422 521 2460 In
537 2418 663 2470 fimm.
701 2421 801 2468 Scip.
832 2430 878 2457 ex
910 2417 1006 2457 libro
1037 2420 1083 2458 de
1111 2418 1420 2457 hebdomadibus.

377 2472 717 2522 (p)>P1.u1·ARc÷1.
750 2473 878 2520 placit.
904 2472 1000 2520 phi-l.
1031 2471 1072 2512 L.
1094 2471 1138 2513 .V.
1168 2484 1285 2518 c.·14.

376 2525 439 2574 (q)
469 2523 582 2561 cars.
609 2522 709 2572 praef,
740 2523 780 2562 L.
806 2523 835 2562 Ι.
895 2524 1058 2565 GALEN.
1093 2520 1248 2573 compos
1267 2519 1343 2572 sec.
1375 2523 1441 2561 loc.
1474 2534 1505 2561 c.
1525 2521 1592 2560 VI,

387 2577 443 2624 (r)
476 2577 571 2616 Nat.
604 2576 707 2613 hmn.
740 2576 837 2613 Ante
864 2573 1206 2628 E11A51s‘ra.irt·1·1
1239 2575 1340 2618 Gar.
1371 2574 1597 2625 Aphoum-

375 2628 431 2673 (s)
461 2628 622 2667 GALEN.
656 2629 757 2666 vulv,
789 2625 869 2678 diff.
903 2639 932 2668 c.
962 2642 996 2676 9.
1415 2645 1435 2649 ⁴⁴
1481 2631 1485 2638 ’

379 2680 434 2729 (t)
462 2680 595 2725 Imm,
627 2678 716 2720 ibid,
747 2678 811 2718 fin.

378 2733 443 2782 (u)
475 2730 573 2781 Diffi
600 2728 696 2782 pta-'sl
728 2730 768 2773 L.
798 2729 860 2768 IV.
894 2741 926 2768 c.
949 2742 982 2769 2.

375 2785 440 2833 (x)
468 2783 567 2826 lbid.

377 2839 440 2887 (y)
469 2835 591 2877 Hm»,
623 2833 749 2873 PLAT.
781 2834 915 2873 decret.
949 2832 989 2874 L.
1011 2832 1075 2877 vl.
1106 2848 1139 2878 c,
1170 2849 1204 2878 1.

377 2893 439 2938 (Z)
481 2889 572 2928 Util.
598 2895 701 2937 part.
735 2885 777 2926 L.
804 2885 906 2929 VIII.
935 2896 965 2925 c.
989 2897 1048 2930 12.

377 2942 436 2989 (a)
467 2941 574 2989 Apud
604 2940 758 2978 Rufus(
790 2937 818 2976 I.

377 2993 442 3042 (b)
480 2995 571 3031 Util.
601 2989 730 3041 respir.
764 3003 795 3029 c.
822 3003 855 3031 1.
898 3006 916 3012 ⁴*

375 3046 436 3099 (c)
471 3048 580 3089 Vulv.
612 3041 695 3099 dzff.
725 3055 756 3083 c.
792 3054 827 3092 3.
