2556 3442
469 113 515 174 ς.
556 121 650 167 662
680 141 743 151 —
775 121 884 178 σός.
952 113 1408 166 svtvEsTRE.
1475 118 1853 182 tussitat.
2114 132 2208 179 719

278 244 335 293 In
360 242 513 307 Philas.
548 246 700 306 Transi
736 262 780 293 n.
809 250 916 303 269.
956 258 1053 292 non
1092 244 1208 292 male
1239 239 1448 292 describit
1479 258 1660 295 uterum
1698 247 1921 311 gravidae,
1969 243 2049 293 etfi
2077 259 2210 308 putet

149 308 461 372 gracilescere‚
498 323 603 358 tum
632 312 886 358 cicatricem
918 308 1076 356 ovarii.

281 393 335 439 In
363 393 521 439 eodem
552 393 711 439 Diario
741 396 893 438 Nouv.
926 390 978 436 de
1014 390 1058 436 la
1092 389 1271 451 Republ.
1311 383 1382 436 des
1419 389 1565 436 lettres
1592 397 1708 446 1685
1732 427 1745 446 ‚
1787 393 1917 441 Pauli
1944 394 2209 447 Rus-SIERE,

149 454 274 503 Galli
289 455 504 518 Chirurgi
519 458 561 503 &
579 455 851 506 Anatomici‚
867 453 925 498 ob
939 453 1204 513 religionem
1219 456 1380 507 exulis,
1395 455 1618 515 reperitur
1633 453 1816 503 historia
1831 456 1950 505 fetus
1963 458 2209 507 ventralisz

275 539 334 585 Et
360 537 414 584 de
433 539 582 598 granis
604 534 791 587 hordei,
828 550 931 594 quae
959 534 1010 580 in
1034 535 1293 581 ventriculo
1324 536 1703 595 germinaverant.

281 620 420 668 IDEM
452 623 498 664 in
525 617 707 678 Progre's
732 615 783 661 de
812 615 856 662 la
882 615 1104 662 Medecine
1115 629 1234 679 pour
1264 623 1381 674 1698
1398 652 1409 671 ,
1448 619 1573 679 quod
1595 618 1761 679 prodiit
1785 617 1916 665 Paris.
1935 626 2067 676 1699.
2103 618 2212 668 12*

152 682 297 729 edidit
323 683 450 729 lettre
479 681 530 728 de
557 684 628 727 M.
656 683 784 726 Mtre
813 678 928 728 Chir.
963 678 1021 735 ἓξ
1046 683 1398 741 Demonstrateur
1433 683 1460 727 a*
1493 682 1684 729 Londres
1721 687 1850 729 ecrite
1889 684 1914 727 ἁ
1949 688 2020 729 M.
2055 683 2213 732 BOUR-

154 760 344 800 DELIN,
384 750 443 792 D.
472 762 522 791 en
546 744 785 790 Medecine.
850 744 1039 791 Aditum
1079 761 1104 790 a
1135 743 1312 791 sinistro
1342 744 1441 799 sinu
1481 749 1530 793 in
1564 746 1775 793 dextrum
1804 762 1901 792 nou
1944 745 2211 806 respondere

151 811 280 856 venis
300 809 667 869 pulmonalibus,
703 808 1024 867 valvulamque
1050 808 1105 854 ab
1127 807 1225 869 ipso
1255 808 1438 855 finistrae
1459 812 1580 857 auris
1606 809 1824 871 sanguine
1848 809 1903 855 ad
1933 811 2213 856 eminentem

154 890 283 920 oram
307 873 536 933 adplicari.
607 875 717 929 Qo
745 873 929 918 tenuior
954 872 1015 917 est
1039 870 1187 926 fetus,
1226 889 1280 919 eo
1311 874 1528 934 majorem
1562 873 1642 921 effe
1665 886 1802 921 aortae
1831 873 2121 920 diametrum.

282 955 358 1015 EJ.
399 959 546 1001 Lettre
550 968 666 1017 pour
677 955 825 1015 servir
841 954 891 1000 de
910 952 1126 1015 reponse‘d
1149 958 1244 1000 Mr.
1262 955 1421 1001 MERY
1444 954 1495 1000 de
1510 955 1682 1001 l'Acad.
1707 958 1764 1001 R.
1787 955 1858 1001 des
1875 957 2061 1002 Sciences
2077 953 2162 1013 sur
2176 953 2215 1001 le

151 1029 256 1066 trou
276 1019 397 1065 ovule
421 1019 528 1065 dans
546 1020 583 1065 le
594 1020 706 1080 fetus
740 1019 861 1066 Paris
880 1029 1013 1076 1703.
1046 1016 1154 1063 12.*
1220 1019 1339 1064 Bene
1366 1019 1513 1064 utitur
1539 1017 1626 1065 fitu
1653 1017 1889 1066 foraminis
1929 1019 2071 1065 ovalis
2095 1033 2215 1078 pone

151 1082 367 1131 isthmum
393 1101 404 1128 ε
442 1085 483 1130 &
515 1083 738 1144 parvitate
768 1083 939 1128 arteriae
971 1081 1245 1141 pulmonalis
1267 1082 1474 1141 propriae.
1542 1083 1634 1128 Cor
1661 1083 1898 1130 testudinis
1923 1083 2052 1129 aliter
2074 1080 2118 1128 se
2133 1081 2213 1128 ha-

152 1147 286 1200 bere,
321 1163 455 1207 quam
487 1164 511 1194 a
542 1145 735 1195 MERYO
763 1143 1051 1192 describatur.
1120 1144 1314 1192 Adcedit
1341 1143 1580 1205 descriptio
1602 1144 1721 1193 fetus
1752 1149 1875 1208 galea
1904 1146 2046 1192 cranii
2085 1144 2215 1192 desti-

153 1211 246 1257 tuti
263 1245 275 1263 ,
314 1213 356 1257 &
384 1209 538 1257 veficae
564 1227 669 1257 cum
695 1209 829 1257 saccis
854 1209 1107 1271 petiolatis,
1145 1208 1377 1256 distinctis.
1447 1210 1723 1271 Sanguinem
1744 1227 1824 1272 per
1848 1211 2089 1272 pulmones
2114 1223 2213 1256 non

152 1275 341 1320 oelerius
364 1274 617 1321 circumire.

281 1356 456 1417 EJUSD.
492 1356 701 1404 Nouvelle
721 1354 977 1418 description
1004 1359 1277 1418 anatomique
1302 1354 1362 1403 du
1385 1371 1494 1403 coeur
1524 1354 1595 1402 des
1615 1366 1777 1403 tortues
1803 1357 2018 1418 terrestres
2043 1355 2095 1403 de
2117 1355 2215 1403 PA-

151 1424 339 1480 merique
374 1418 433 1476 {⁴9⁹
456 1419 509 1466 cle
528 1421 596 1480 ses
625 1418 858 1482 vatſjeaux.
896 1418 1005 1467 Phil.
1041 1420 1194 1480 TransI
1226 1421 1318 1467 No.
1338 1427 1442 1476 328.
1478 1421 1601 1467 Paris
1628 1433 1761 1478 1713.
1788 1432 1857 1468 12.
1879 1422 2000 1468 ΒΗΚ.
2040 1422 2212 1467 Omnia

154 1483 426 1532 confirmata
453 1483 534 1530 effe
558 1501 583 1530 a
608 1485 807 1532 ΡΕΤΙΤΟ
839 1482 1093 1545 Chirurgo:
1130 1485 1317 1531 arterias
1342 1501 1397 1530 ex
1430 1485 1564 1531 corde
1588 1496 1786 1545 quatuor
1817 1485 2029 1545 prodire5
2066 1485 2211 1531 circu-

122 1551 127 1557 ’
152 1550 252 1596 lum
287 1546 521 1610 sanguinis
551 1547 761 1595 eumdem
792 1546 897 1602 effe,
948 1550 1028 1609 qui
1060 1549 1109 1595 in
1137 1546 1262 1602 fetu,
1314 1550 1356 1595 &
1388 1547 1716 1596 evidentissime
1740 1549 1956 1597 HARVAEI
1986 1546 2213 1595 theoriam

152 1610 438 1660 confirmare.
507 1613 578 1659 De
608 1614 888 1673 receptaculo
917 1609 1088 1659 venoso
1111 1610 1194 1659 sub
1224 1612 1358 1659 corde
1387 1614 1469 1659 &c.

282 1695 341 1742 In
374 1692 482 1742 Phil.
520 1694 677 1755 Trans.
715 1711 760 1740 n.
786 1704 895 1755 207.
948 1696 1110 1743 Fctum
1144 1694 1377 1743 tubarium
1420 1692 1655 1750 describit,
1700 1708 1972 1758 uterumque
2008 1694 2211 1744 mulieris

150 1775 257 1808 eum
290 1757 383 1806 suis
411 1770 542 1805 utero
567 1770 815 1819 comparat.

281 1842 339 1889 In
369 1857 417 1888 n.
437 1852 545 1900 251.
581 1840 805 1888 Eumdem
830 1857 967 1902 quam
988 1841 1039 1888 in
1071 1840 1257 1903 epistola
1279 1840 1426 1890 fetum
1457 1843 1581 1905 galea
1611 1843 1752 1891 cranii
1780 1841 2058 1891 destitutum.

283 1923 347 1971 N.
369 1929 477 1978 268.
520 1921 724 1969 Vesicam
754 1939 857 1970 curn
887 1924 1062 1971 duabus
1090 1924 1428 1987 appendicibus.

278 2004 335 2051 In
361 2004 521 2052 eodem
552 2005 740 2058 Diario,
777 2006 1008 2053 Nouvelles
1035 2004 1087 2052 de
1116 2006 1160 2052 la
1190 2006 1452 2068 Republique
1476 2005 1547 2054 des
1575 2005 1721 2053 lettres
1752 2006 1880 2068 Juill.
1906 2021 2028 2052 anno
2064 2008 2211 2060 1686,

150 2065 443 2120 POSTELLUS
470 2071 521 2116 in
545 2069 670 2116 tubis
694 2082 826 2130 putat
852 2067 1005 2116 semen
1037 2068 1082 2116 se
1108 2069 1261 2117 vidisse
1280 2105 1292 2124 ‚
1328 2071 1394 2117 ibi
1416 2069 1635 2118 secretum
1663 2070 1875 2130 tubisque
1905 2070 2211 2130 inquilinumz

152 2134 615 2180 communicationem
642 2134 781 2179 etiam
805 2134 990 2180 liberam
1024 2132 1106 2180 effe
1137 2135 1257 2181 inter
1278 2146 1467 2181 uterum
1487 2137 1529 2182 ἃ
1553 2134 1706 2181 ovaria
1731 2150 1809 2195 per
1835 2132 1938 2182 vasa
1965 2131 2213 2181 deferentia

151 2195 175 2254 (
193 2208 398 2243 veterum
424 2212 448 2243 a
477 2197 599 2243 tubis
622 2195 856 2251 diversa).

153 2340 186 2390 b
283 2278 353 2387 101}1
363 2277 582 2387 Memisde
605 2276 776 2325 l'Acad.
798 2289 937 2325 avant
966 2283 1101 2335 1699.
1130 2295 1254 2326 anno
1285 2285 1430 2339 1586,
1469 2278 1652 2328 succum
1675 2280 1726 2326 in
1751 2279 2008 2327 ventriculo
2039 2278 2211 2327 solum-

186 2358 223 2388 ae
253 2357 321 2388 aci
358 2357 435 2388 um
462 2357 484 2387 e
521 2358 558 2387 e.

284 2424 413 2469 Anno
441 2428 576 2481 1687.
613 2423 852 2472 GALLoYs
878 2422 933 2470 de
956 2424 1132 2484 puella,
1169 2441 1271 2486 quae
1295 2427 1437 2473 noctu
1465 2422 1739 2473 diutiuscule
1768 2423 1929 2472 videat.

284 2504 339 2550 In
367 2504 562 2558 Journal
591 2503 662 2551 des
687 2507 856 2552 Savum
886 2512 1021 2560 1686.
1058 2506 1113 2553 de
1141 2506 1314 2553 acicula
1337 2507 1387 2553 in
1409 2518 1586 2554 uretere
1606 2517 1799 2567 reperta.

748 2629 795 2688 ἕ.
828 2634 1104 2682 DCLXV.
1202 2632 1404 2681 Andreas
1433 2635 1624 2689 SNAPE,

282 2728 598 2776 Veterinarius
637 2729 835 2789 Regius,
888 2745 943 2777 ex
976 2729 1147 2778 familia
1170 2764 1183 2785 ,
1231 2747 1333 2792 quae
1375 2730 1551 2780 dudum
1595 2747 1648 2779 eo
1684 2747 1871 2780 munere
1916 2727 2208 2791 fungebatur.

153 2793 192 2841 E
193 2807 277 2855 JUs
305 2797 523 2853 Anatomy
561 2793 615 2854 ⁰f
626 2811 652 2840 a
674 2791 791 2853 horse
813 2798 1068 2857 containing
1088 2812 1114 2841 a
1127 2795 1216 2856 full
1238 2795 1499 2857 description
1524 2796 1578 2858 of
1586 2797 1646 2844 all
1669 2795 1734 2844 his
1749 2808 1900 2858 parts,
1936 2793 2040 2841 with
2059 2812 2114 2841 an
2135 2806 2210 2855 ap-

148 2857 325 2920 pendice
350 2858 404 2917 of
421 2869 506 2904 two
532 2856 774 2918 discourses.
851 2856 938 2906 The
960 2875 1037 2905 one
1066 2860 1119 2921 of
1131 2858 1200 2905 the
1225 2864 1477 2920 generatim
1511 2861 1565 2923 of
1580 2862 1786 2912 animal53
1833 2856 1901 2904 the
1923 2856 2044 2905 other
2068 2859 2122 2919 of
2139 2857 2210 2904 the

154 2926 314 2968 motion
344 2921 399 2980 of
417 2918 488 2966 the
514 2919 629 2980 chyle
655 2921 745 2967 ancl
769 2919 839 2968 the
859 2928 1111 2984 generation
1146 2922 1199 2983 of
1216 2921 1286 2970 the
1317 2922 1446 2971 blood
1478 2925 1674 2972 London
1693 2928 1828 2977 1686.
1853 2919 1968 2969 fot*
2032 2923 2209 2969 Totum

157 3001 273 3046 opus
306 2982 421 3031 mihi
446 2983 628 3033 videtur
655 2984 857 3034 hominis
892 2999 1100 3034 anatome
1131 2999 1368 3048 utcunque
1394 2988 1450 3036 ad
1477 3005 1645 3050 equum
1681 2986 1889 3047 adaptata
1925 3002 2030 3033 eum
2065 2985 2211 3096 icobni-

2156 3064 2210 3095 us
