2556 3442
613 130 812 200 §368-
879 131 1754 196 T.BARTHOL1NUS.
2134 156 2224 205 401

170 268 344 324 Zeila,
379 268 594 331 §beist-tat
606 268 741 318 durch
753 270 816 318 El.
833 269 1119 317 WALNERN
1153 266 1402 328 Ni'xrnberg
1420 270 1555 325 1677.
1576 280 1621 327 4.
1638 270 1810 319 Tar-tw.
1877 273 2031 322 Indice
2050 291 2072 322 a
2090 277 2228 324 Franss

170 333 280 393 eaesco
306 334 540 381 BERNOER
569 331 740 381 versam
768 331 920 385 fuiffe,
957 330 1050 390 ipse
1078 331 1470 377 BARTHOLINUS.
1538 331 1595 377 In
1628 330 1745 378 hanc
1772 335 2016 383 editionem
2044 337 2228 387 transse—

170 409 283 444 runt
299 413 420 445 nova
431 398 617 444 inventa
633 397 886 443 anatomica
900 395 962 440 N.
978 395 1248 446 S‘ranonn,
1277 393 1318 454 J.
1335 393 1735 448 Swiimmenmm,
1765 399 2224 457 RegnerideGRAAr,

175 462 312 507 etiam
340 462 625 508 Ruvscim:
678 459 842 505 ductus
871 454 1076 503 salivales
1113 457 1297 503 noviter
1328 456 1516 510 detecti,
1563 459 1871 518 experimenta
1897 461 1951 506 ad
1980 463 2081 508 vasa
2113 466 2229 524 lym-

171 522 378 584 phatica,
414 525 513 570 alia.
582 524 712 569 Solus
740 536 867 566 nunc
893 519 1016 566 filius
1055 520 1278 567 THOMAS
1310 522 1528 579 loquitur.
1622 519 1720 581 Ipse
1757 534 1916 582 praeter
1956 525 2228 584 lymphatica

170 586 273 634 vasa
304 590 346 635 &
373 588 559 634 ductum
583 585 864 631 thoracicum
892 599 1052 643 parum
1082 583 1137 629 de
1164 581 1245 629 suo
1266 584 1467 637 addidit,
1498 585 1652 645 paucis
1685 587 1806 631 enim
1825 586 1957 632 annis
1985 601 2229 636 anatomen

170 652 398 704 exercuit,
429 651 483 697 ad
496 664 666 695 annum
680 645 774 693 fere
797 652 926 704 1656.
960 648 1064 701 (n).
1131 647 1269 694 Anno
1283 649 1496 707 verojam
1522 653 1657 694 1661.
1688 648 1962 695 honorarius
1982 665 2105 696 nunc
2121 652 2229 696 Pro-

168 713 300 761 seffor
313 726 555 760 anatomen
576 723 720 757 totam
736 708 934 759 deseruit
969 710 1066 770 (o),
1105 710 1162 758 ad
1177 712 1301 758 aliud
1312 712 1417 758 vitae
1437 728 1581 773 genus
1594 711 1794 766 transiit,
1825 714 1968 772 inque
1990 713 2097 760 villa
2115 715 2230 760 mul-

170 789 272 826 tum
297 790 473 836 tempus
502 775 634 821 trivit
660 775 850 834 aliisque
880 776 931 821 in
953 774 1123 821 studiis.
1194 777 1316 823 Utut
1341 773 1421 828 fit,
1458 774 1621 822 claffici
1648 776 1927 836 aliquamdiu
1950 776 2052 822 libri
2076 779 2231 823 locum

167 840 250 890 iste
270 841 433 887 tenuit.
501 838 752 885 Glandulas
778 839 952 885 renales
977 838 1091 885 fetui
1105 839 1296 898 majores
1323 838 1430 892 effe,
1467 852 1707 886 cruentum
1734 841 1956 900 liquorem
1978 842 2228 887 continere.

168 905 369 952 Unicum
393 900 474 949 effe
500 900 781 949 thoracicum
810 903 1012 949 ducium.
1082 903 1138 948 In
1159 901 1321 962 thymo
1343 901 1526 949 succum
1546 904 1742 950 laticum
1761 903 1856 950 effe.
1925 902 2229 950 Valvulosum

171 965 391 1014 circulum
420 966 477 1012 ad
501 982 723 1012 venarum
759 966 1070 1025 hepaticarum
1100 963 1426 1018 insertionem,
1462 966 1601 1013 alium
1628 969 1677 1012 in
1709 968 1964 1020 renalibus,
2001 968 2142 1013 alium
2177 967 2230 1015 in

166 1028 471 1077 mesentericis
508 1028 733 1076 describit.
815 1028 1028 1089 Capsulas
1072 1031 1245 1076 renales
1283 1045 1416 1077 cavas
1458 1027 1542 1077 effe
1578 1030 1831 1078 adnotavit.
1910 1030 2106 1079 Primam
2145 1029 2230 1076 du·

168 1096 322 1140 &uum
355 1096 603 1141 lacteorum
635 1109 842 1139 mammae
863 1094 1043 1139 iconem
1067 1092 1205 1140 dedit.

291 1179 361 1221 De
388 1175 579 1236 monstris
609 1178 654 1221 in
685 1187 847 1221 natura
871 1172 931 1230 &³
954 1186 1052 1221 arte
1082 1172 1209 1222 Basil.
1233 1178 1456 1235 1645.-4⁰.
1487 1174 1735 1236 disputatio
1757 1176 2052 1239 inaugurali&

292 1256 468 1316 EJUSD.
501 1256 552 1302 de
583 1260 792 1302 unicornu
845 1255 997 1302 Patav.
1020 1260 1154 1314 1645.
1185 1259 1227 1303 &
1252 1257 1428 1303 auctius
1457 1274 1482 1303 a
1511 1255 1608 1303 filio
1644 1258 1697 1304 C.
1732 1260 2076 1307 BARTHOLINO
2119 1258 2227 1308 Am-

166 1318 375 1366 stcrdami
401 1324 534 1377 1678.
560 1323 697 1366 12⁰.*.
766 1320 808 1365 V
813 1320 862 1366 ix
890 1317 980 1365 huc
1005 1320 1215 1379 pertinet.
1284 1321 1450 1381 Aliqua
1483 1320 1618 1367 habet
1641 1321 1695 1367 de
1720 1321 1984 1370 horninibus
2004 1326 2227 1377 cornutis,

166 1383 222 1428 de
253 1383 525 1429 animalibus
560 1394 723 1444 praeter
754 1384 897 1443 legem
929 1395 1106 1429 naturae
1131 1399 1306 1430 cornua
1324 1385 1566 1437 alentibus,
1603 1384 1658 1431 de
1682 1386 1914 1433 unicornu
1944 1390 2086 1441 vario,
2116 1403 2228 1448 prae-

163 1444 315 1494 sertim
331 1459 526 1501 cetace0‚
560 1463 653 1508 quo
666 1448 895 1493 unicornu
909 1444 1029 1494 offic.
1045 1458 1242 1502 revocat,
1271 1446 1347 1494 etfi
1359 1447 1585 1496 asininum
1599 1465 1743 1497 cornu
1756 1451 1894 1497 unico
1907 1451 2124 1499 admittit.

295 1532 365 1575 De
397 1529 486 1575 luce
514 1529 765 1575 animalium
796 1529 844 1575 L.
864 1528 945 1575 III.
983 1528 1255 1575 admirandis
1286 1526 1465 1590 historiis
1494 1535 1615 1578 novis
1650 1531 1890 1578 ratt'onibus
1911 1533 2065 1595 referti
2095 1532 2224 1581 Leid-

172 1597 308 1652 1647.
325 1590 425 1648 8⁰.*
459 1591 641 1639 Hafniae
661 1596 794 1648 1669.
814 1595 925 1646 8⁰3⁸.
994 1594 1065 1639 De
1087 1591 1324 1653 splendore
1349 1610 1403 1640 ex
1428 1594 1699 1642 animalibus
1725 1598 1768 1642 &
1803 1593 2004 1643 humano
2035 1609 2227 1658 corpore

165 1669 405 1704 emanante
436 1659 634 1704 maxima
657 1658 862 1704 collectio
878 1690 891 1710 ,
928 1654 1160 1703 occasione
1175 1658 1380 1703 carnium
1395 1659 1645 1705 lucentium
1660 1661 1836 1706 macelli
1857 1658 2224 1722 Monspelienfis.

294 1739 468 1800 EJUSD.
504 1741 767 1786 Anatomicae
792 1738 988 1785 vindiciae
1019 1737 1204 1800 casparo
1215 1740 1521 1788 HOFMANNO
1551 1739 1737 1802 oppofitae
1766 1739 1827 1797 ἓξ
1844 1740 2227 1800 animadversiones

166 1807 212 1852 in
230 1804 491 1850 Anatomica
516 1804 807 1850 HOFMANNI
842 1799 983 1848 Hasn.
1010 1806 1143 1861 1648.
1164 1805 1278 1861 4⁰.*.
1348 1804 1678 1852 HOFMANNUS
1697 1839 1710 1858 ,
1746 1806 1817 1851 vir
1834 1805 1993 1852 doctus
2010 1840 2020 1859 ‚
2056 1803 2131 1852 sed
2153 1823 2228 1865 pa-

164 1883 267 1915 rum
303 1869 613 1921 anatomicus,
661 1865 893 1928 Casparum
921 1863 1301 1914 BARTHOLINUM
1338 1865 1625 1914 lacessiverat.
1691 1868 1859 1916 Noster
1889 1885 2036 1930 nuper
2066 1869 2120 1916 ab
2150 1870 2228 1916 iti-

168 1930 358 1979 neribus
389 1930 557 1984 redux,
597 1931 757 1977 acriter
788 1931 839 1978 in
865 1928 1169 1977 adversarium
1200 1942 1440 1991 paternum
1457 1931 1665 1978 invectus
1692 1931 1782 1986 est,
1820 1934 1862 1979 &
1890 1949 2039 1979 rerum
2067 1934 2226 1994 cogni-

165 1996 292 2043 tione
319 1992 546 2054 superior,
585 1996 626 2041 &
660 1995 710 2041 in
734 1993 805 2041 his
829 1994 1096 2041 anatomicis
1123 1994 1294 2041 literis:
1338 1994 1511 2055 judicio
1549 1997 1815 2056 plerumque
1835 2013 1968 2050 vere,
1996 2007 2050 2044 ut
2067 2007 2225 2044 tamen

167 2057 322 2119 paffim
350 2056 563 2112 fallatur,
602 2071 656 2105 ut
688 2059 739 2105 in
766 2056 912 2119 spatio
932 2092 944 2111 ,
980 2057 1103 2117 quod
1135 2058 1257 2105 inter
1292 2059 1500 2105 cranium
1536 2060 1578 2105 ἂ
1617 2060 1774 2105 duram
1804 2061 1973 2107 cerebri
2003 2061 2225 2107 membra-

165 2138 273 2168 nam
298 2122 401 2168 vult
434 2121 724 2169 intercedere.
792 2123 930 2168 Recte
957 2121 1152 2168 ostendit
1186 2122 1320 2169 docto
1350 2123 1476 2175 vire,
1528 2122 1769 2182 prostatam
1804 2140 1828 2169 a
1855 2122 2061 2170 vesiculis
2092 2121 2223 2171 semi-

165 2185 347 2232 nalibus
377 2182 570 2232 differre.
650 2185 805 2233 fidem
846 2185 986 2231 etiam
1022 2183 1163 2239 facit,
1214 2187 1496 2233 CASPARUM
1531 2186 1680 2246 aliqua
1718 2203 1773 2232 ex
1800 2187 1999 2246 paternis
2042 2186 2223 2234 institu-

165 2248 372 2296 tionibus
411 2260 671 2295 mutuatum
707 2247 816 2302 effe,
862 2260 962 2295 tum
987 2265 1043 2295 ex
1079 2251 1354 2297 STEPHANO
1387 2251 1430 2296 &
1456 2251 1729 2298 SCHERBIO.
1795 2251 1969 2298 Malam
1999 2249 2224 2299 theoriam

163 2310 362 2366 refutat,
397 2310 585 2372 chylum
618 2328 698 2373 per
718 2310 821 2359 vasa
851 2311 1143 2359 mesenterica
1169 2313 1225 2359 ad
1253 2315 1418 2360 lienem
1447 2311 1571 2366 ferri.

162 2461 209 2506 A
296 2395 373 2456 EJ.
405 2393 633 2504 gollegium
657 2396 944 2441 anatomicum
962 2392 1315 2456 disputationibus
1343 2395 1523 2442 XVIII.
1554 2393 1815 2442 adornatum
1845 2392 2223 2458 Hasn.1651.4⁸.

209 2469 299 2506 nat.
316 2469 402 2519 pra
445 2492 456 2504 .

291 2539 529 2600 EJUSDEM
579 2537 632 2584 de
679 2537 822 2584 Ιαὲἶεὶς
866 2535 1093 2585 thorat-icis
1138 2543 1183 2585 in
1226 2537 1389 2586 homine
1428 2539 1649 2603 brutiisque
1702 2546 1947 2605 nuperrime
1989 2541 2224 2602 observatis

164 2602 397 2666 disputatio
429 2600 703 2663 respondente
739 2599 954 2648 Michaele
994 2604 1159 2650 LYSER
1212 2604 1394 2651 Hafniae
1425 2608 1559 2661 1652.
1591 2604 1692 2665 4'.*
1728 2605 1843 2667 saepe
1879 2604 2060 2660 recusa,
2102 2606 2220 2654 Pari-

164 2665 238 2713 fiis
255 2669 397 2725 1653.
444 2665 542 2720 8⁰.*
590 2666 714 2712 Leid.
752 2668 885 2724 1654.
925 2669 1015 2711 12⁰.
1068 2666 1265 2721 Londin.
1300 2674 1435 2723 1652.
1489 2672 1619 2716 αἱ*
1672 2670 1908 2732 Ultrajest.
1947 2674 2081 2728 1654.
2124 2671 2215 2715 12⁰,

165 2727 347 2777 Hafniae
383 2733 514 2787 1670.
538 2728 641 2783 8⁰.*
669 2745 777 2776 cum
803 2729 903 2776 aliis
929 2731 970 2775 ἂ
998 2729 1048 2776 in
1078 2730 1240 2778 Siboldi
1261 2732 1645 2782 HEMSTERHUYS
1684 2733 1816 2781 messe
1841 2741 1975 2791 amita
2006 2730 2213 2779 Heidelb.

169 2798 255 2850 165
262 2805 307 2849 9.
330 2793 428 2848 εἴ*
461 2794 603 2854 inque
623 2794 890 2840 collectione
913 2793 1154 2842 Mummi
1189 2795 1353 2842 Genua
1370 2799 1504 2859 1654.
1524 2797 1621 2854 εἴ*
1654 2809 1791 2860 atque
1810 2798 1862 2849 in
1879 2795 1930 2848 Β.
1947 2796 2217 2904 Mmemiii

217 2913 284 2963 (n)
310 2915 409 2956 Anat
452 2917 603 2968 publica
631 2918 789 2970 ultima,
820 2932 903 2972 quae
932 2921 985 2963 est
1011 2920 1135 2962 oratio
1164 2910 1230 2973 3⁶0⁴
1255 2908 1257 2910 ’

221 2967 284 3018 (0)
308 2967 381 3019 Ep.
417 2969 520 3016 cent,
548 2970 615 3014 lu.
645 2984 686 3014 n.
720 2986 782 3024 50-
1247 3033 1286 3084 E

1304 3049 1328 3083 e
1359 3050 1385 3083 Β
