2556 3442
326 141 426 193 404
707 129 841 176 Lm.
885 125 970 176 VI.
1036 120 1497 172 ANIMALIUM
1546 119 2022 189 INCISIONES.

329 269 540 306 curarum
560 273 573 303 z
617 254 783 302 ductus
815 251 1035 300 thoracici
1059 251 1162 299 duae
1183 248 1503 311 descriptiones
1518 283 1531 303 ,
1568 246 1694 296 fibrae
1721 248 1877 303 lienis,
1914 263 2004 295 ova
2026 246 2226 310 humana
2249 247 2280 298 s.
2299 254 2377 300 ve‹'

331 321 479 371 siculae
502 319 607 368 satis
633 319 746 365 bene
776 315 1020 378 descriptae.
1105 314 1244 362 Psoasx
1273 315 1424 360 minor
1457 330 1606 360 novus
1640 310 1898 366 musculus,
1935 311 2116 358 flexoris
2142 316 2376 373 peculiaris

329 384 467 447 digiti
492 383 672 431 minimi
690 381 814 443 pedis
826 381 918 428 duo
945 379 1167 427 tendines.
1234 378 1474 425 Glandulae
1494 377 1552 423 ad
1579 393 1733 429 anum,
1760 374 1946 422 diversae
1969 391 1994 421 a
2013 377 2264 430 civetticis;
2299 379 2391 425 lie-·

330 464 414 496 nes
438 447 642 509 grandes,
678 444 781 493 vasa
805 442 1004 493 laetifera
1031 458 1238 488 mammae
1261 444 1461 501 primum
1479 442 1650 501 depicta
1671 459 1682 492 3
1718 441 1839 487 orbis
1865 438 1995 500 piscis
2019 451 2245 494 anatome,
2270 457 2375 488 cum

333 510 447 559 valis
467 512 651 564 lacteis,
688 510 842 557 multae
871 507 1115 554 hominum
1144 503 1411 558 incisiones,
1450 507 1493 552 &
1515 504 1777 551 animalium
1793 539 1807 558 ,
1844 505 1964 550 inter
1983 519 2034 549 ea
2063 503 2240 564 xiphias
2263 506 2374 566 (p).

331 574 499 630 turfio,
538 590 723 635 caprea,
760 571 1062 622 chamaeleon,
1102 568 1290 627 porcus,
1327 584 1427 614 mus
1450 568 1766 628 norwegicus,
1803 583 2008 628 cygnus,
2043 568 2202 627 lepus,
2235 568 2379 628 Baby-

332 637 488 701 ruffa3
534 638 696 685 duckus
728 632 968 682 arte-riosus
1003 632 1054 677 in
1082 630 1244 676 adulto
1274 642 1456 690 patens,
1505 632 1648 691 prima
1676 632 1808 678 initia
1841 633 2136 677 inventorum
2164 629 2378 685 vasorum

330 701 741 763 lymphaticorum,
776 715 857 745 ren
890 698 1083 746 unicus,
1117 691 1412 740 semilunaris.
1477 695 1624 743 Facile
1645 695 1997 749 animadvertas,
2026 695 2216 742 inventa
2239 692 2318 742 sua
2350 711 2377 742 a

331 768 677 816 BARTHOLINO
708 764 757 809 in
787 757 969 807 diversis
996 755 1171 816 scriptis
1199 756 1354 816 repeti.

467 850 671 895 Centuria
693 844 775 891 HL
804 843 845 887 ἃ
871 840 952 887 IV.
980 834 1184 885 successit
1225 834 1406 883 Hafniae
1432 843 1566 896 1657.
1600 838 1712 891 8⁶.*‘·
1777 839 1904 886 Idem
1933 840 1989 887 de
2028 840 2121 887 istis
2153 839 2380 901 Judicium

331 912 464 960 redit.
533 911 658 955 Bona
682 904 851 968 paffim.
941 900 1059 948 Vasa
1096 899 1370 960 lymphatica
1410 903 1460 945 in
1491 900 1678 947 homine
1712 901 1835 955 visa,
1871 904 2096 957 monstra,
2131 920 2377 964 corporum

330 975 637 1024 humano-rum
666 967 919 1017 inciliones.
987 964 1204 1012 Medullae
1229 961 1413 1024 spinalis
1445 962 1615 1016 fusura,
1653 963 1756 1012 vasa
1771 966 1978 1019 interna,
2017 969 2130 1014 latro
2147 983 2224 1014 cor
2244 965 2377 1014 suum

330 1037 539 1087 evulsum
565 1034 898 1093 contemplatus
921 1049 934 1082 ς
977 1027 1181 1076 scintillae
1201 1044 1257 1074 ex
1287 1028 1431 1088 capite
1456 1041 1717 1076 emanantes
1735 1063 1748 1082 ,
1782 1030 1896 1089 pulli
1926 1028 2025 1076 fimi
2060 1047 2146 1090 ope
2180 1029 2344 1078 exclusi
2362 1065 2377 1085 ,

333 1115 545 1150 anatome
574 1100 780 1150 civettae‚
820 1096 969 1156 gruis,
1006 1092 1215 1153 gulonis,
1252 1092 1423 1144 leonis,
1459 1089 1750 1152 superfetatio
1769 1127 1781 1145 ‚
1810 1091 1913 1139 vasa
1939 1091 2211 1154 lymphatica
2230 1095 2280 1141 in
2310 1111 2382 1142 ca..

331 1169 426 1230 pite
454 1163 559 1213 visa.
629 1159 856 1208 Vasorum
893 1156 1058 1204 sceleti.
1128 1156 1347 1201 Cranium
1384 1155 1621 1202 Woamu
1657 1157 1782 1216 quod
1816 1155 1955 1203 habet
1988 1173 2067 1217 pro
2099 1156 2376 1211 monstroso3

329 1231 386 1278 de
409 1245 522 1277 vena
543 1224 706 1274 dorsali
730 1220 998 1284 superficiali
1012 1223 1364 1270 RONDELETH.
1433 1219 1740 1279 Androgynus
1767 1220 1934 1280 absque
1962 1218 2069 1266 sexu
2083 1234 2202 1267 certe
2227 1234 2377 1269 natuS.

328 1297 440 1343 Duo
464 1308 615 1354 penes.
681 1288 821 1335 Gruis
844 1284 996 1346 aspera
1020 1286 1183 1333 arteria
1212 1285 1260 1329 in
1287 1283 1486 1329 sternum
1505 1282 1717 1330 demersa.
1787 1286 1961 1331 Contra
1980 1285 2187 1344 repudies
2207 1285 2383 1344 parien-

332 1369 426 1406 tem
450 1355 769 1415 androgynum
786 1385 798 1405 ‚
833 1367 933 1411 quae
965 1348 1132 1396 femina
1154 1348 1294 1395 fuerit
1318 1348 1477 1408 majori
1506 1348 1724 1394 clitoride.
1793 1349 1861 1395 Ita
1893 1363 1990 1393 non
2012 1347 2133 1395 visus
2162 1350 2210 1395 in
2235 1353 2392 1408 nuper'

327 1433 435 1470 nata
464 1421 611 1480 puella
636 1415 834 1476 hymen,
869 1412 1038 1475 spectra
1061 1412 1262 1467 funesta,
1297 1410 1474 1473 septum
1501 1411 1650 1458 cordis
1673 1413 1903 1473 pervium.
1984 1413 2088 1460 Una
2109 1411 2382 1474 prodierunt

326 1486 377 1534 P.
400 1485 544 1532 PAVH
571 1481 887 1542 absmationes
909 1478 1076 1539 aliqua⁴

464 1566 669 1614 Centuria
692 1561 753 1608 V.
778 1561 866 1612 V1.
899 1557 1080 1607 Hafniae
1102 1564 1234 1606 1661.
1253 1558 1361 1613 8“.*.
1432 1558 1522 1605 Hic
1549 1569 1759 1605 anatome
1781 1558 1960 1606 civettae
1986 1556 2181 1611 feminae,
2209 1556 2382 1605 martis.

327 1630 402 1678 De
432 1627 640 1677 secundis
671 1624 914 1672 educendis
943 1621 1054 1670 fuse.
1125 1625 1285 1670 Ovum
1325 1624 1514 1682 gemello
1553 1623 1734 1669 cortice.
1816 1623 1935 1669 Pulli
1965 1620 2127 1669 exclusi
2161 1624 2212 1669 in
2242 1619 2381 1668 furno

329 1694 526 1743 DanicO.
596 1688 932 1738 Offaemollita
955 1722 968 1742 ,
1001 1688 1286 1734 ventriculus
1315 1689 1364 1734 in
1388 1685 1584 1733 thorace.
1652 1687 1788 1734 Fetus
1809 1687 1858 1733 in
1881 1699 2053 1733 ventre.

454 1775 567 1822 Non
593 1770 779 1834 perinde
815 1768 995 1818 laudem
1025 1781 1258 1816 merentur
1287 1766 1519 1829 prolapsus
1551 1767 1727 1828 vagina:
1761 1784 1856 1814 non
1888 1768 2155 1815 intellectus.
2223 1766 2380 1814 Homo

327 1838 580 1887 ruminans,
647 1836 764 1883 Felis
796 1850 873 1895 per
898 1850 951 1880 os
975 1834 1167 1895 pariens.
1238 1832 1427 1892 Spurius
1459 1833 1815 1879 H1PPOCRAT1S
1849 1830 1905 1878 de
1945 1831 2135 1892 pustulis
2169 1829 2378 1883 libellus,

327 1901 677 1962 transplantatio
699 1899 980 1946 morborum.
1044 1897 1213 1945 Fabula
1238 1896 1666 1957 Gratianopolitana
1678 1896 1733 1942 de
1748 1908 1969 1959 concepto
1984 1912 2040 1942 ex
2055 1894 2382 1956 imaginatione

326 1982 484 2028 puero.
551 1963 750 2024 Embryo
772 1977 1022 2024 praegnans.

450 2048 556 2095 Una
585 2045 858 2107 prodierunt
882 2044 1084 2091 Rflonu
1116 2041 1427 2104 obser-vationes
1447 2047 1691 2090 anatomicae
1709 2077 1721 2097 ,
1758 2042 1812 2089 de
1833 2041 1998 2103 quibus
2021 2042 2144 2088 alias.

455 2130 531 2191 ΕΙ.
570 2127 620 2175 de
633 2125 926 2188 integumentis
941 2125 1124 2186 corpor&
1147 2122 1323 2171 humani
1354 2123 1537 2172 Hafniae
1563 2132 1646 2182 165
1660 2137 1696 2181 5.
1711 2125 1776 2183 4’.
1813 2121 2023 2177 Francos,
2043 2129 2175 2181 1656.
2190 2121 2257 2181 4⁶.

454 2211 531 2271 EJ.
567 2209 619 2256 de
643 2207 720 2269 usu
751 2206 933 2255 thoracis
958 2204 1018 2263 ἓξ
1039 2205 1120 2265 ejus
1134 2209 1335 2268 partium
1366 2204 1547 2254 Hafniae
1576 2212 1711 2264 1657.
1740 2210 1809 2265 4‘.

453 2293 687 2353 EJUSDEM
721 2291 823 2351 cista
840 2288 1002 2336 medica
1023 2286 1266 2350 Hafitienfis
1289 2288 1423 2334 variis
1446 2286 1621 2346 consiliis
1637 2287 1806 2350 aliitque
1831 2286 1893 2334 ad
1912 2304 2003 2335 rem
2024 2285 2246 2340 medicam,
2277 2286 2384 2333 ana-⁷

324 2358 549 2408 comicum,
584 2354 824 2401 botanicum
852 2350 912 2408 ἓξ
931 2350 1162 2412 chymicam
1176 2350 1455 2413 spemntibus
1481 2352 1658 2413 referta.
1728 2354 1830 2399 Ace.
1860 2353 1943 2410 ejus
1968 2353 2108 2399 domus
2138 2354 2382 2398 atnatomica
2449 2352 2454 2363 ‘

328 2418 565 2478 brevtffime
600 2418 815 2482 descripta
848 2413 1030 2463 Hafniae
1052 2420 1187 2463 1662.
1215 2413 1334 2470 8⁰.*.
1398 2415 1545 2462 Pauca
1569 2414 1661 2462 huc
1688 2412 1890 2469 faciunt,
1926 2413 2018 2462 fere
2046 2432 2102 2462 ex
2131 2430 2293 2477 genere
2311 2410 2381 2458 fo-

327 2482 474 2532 tenfi:
510 2484 581 2529 De
605 2479 969 2541 superfetattone.
1036 2480 1166 2526 Num
1199 2481 1265 2527 lac
1291 2477 1346 2526 fit
1371 2491 1545 2526 certum
1575 2479 1795 2525 indicium
1824 2479 2120 2540 graviditatis.

460 2564 518 2611 In
541 2563 662 2609 domo
674 2565 912 2607 anatomica
936 2560 1013 2607 dat
1027 2558 1261 2607 historiam
1288 2560 1454 2607 theatri
1475 2558 1733 2607 Hafnienfis
1752 2594 1766 2614 ,
1793 2561 1842 2606 in
1864 2577 1957 2620 quo
1980 2560 2151 2620 primus
2171 2558 2209 2605 S.
2224 2556 2379 2602 PAULI

325 2627 546 2676 cadavera
574 2624 775 2672 humana
802 2622 965 2677 secuit,
1003 2626 1044 2670 &
1071 2622 1256 2671 sceletos
1281 2625 1470 2684 paravit.
1539 2624 1813 2685 Catalogum
1844 2623 1920 2670 dat
1939 2639 2087 2686 rerum
2106 2622 2381 2666 anatomica-

326 2707 449 2745 mm,
476 2691 531 2738 ab
547 2692 737 2736 Henrico
762 2688 958 2733 funum
983 2688 1262 2746 legatarum:
1297 2701 1398 2734 tum
1421 2691 1639 2748 Henningi
1658 2688 1898 2734 ARNISAEI.
1968 2687 2166 2731 De‘mum
2196 2681 2222 2728 s
2218 2699 2274 2729 ua
2300 2682 2380 2728 do-

328 2769 416 2809 na,
449 2756 570 2802 inter
603 2764 706 2813 qua:
738 2749 847 2797 sunt
886 2750 1051 2796 tabulae
1087 2749 1360 2810 splendidae,
1399 2767 1509 2812 quas
1539 2751 1735 2797 naturali
1757 2748 2071 2810 magnitudine
2100 2747 2154 2794 ad
2177 2747 2381 2793 humana

323 2818 545 2866 cadavera
569 2815 752 2878 depingi
775 2824 1022 2865 curaverat,
1055 2829 1136 2873 pro
1166 2826 1376 2861 anatome
1400 2813 1612 2875 augusta,
1646 2830 1748 2872 quae
1777 2828 2014 2872 nunquam
2035 2811 2217 2875 prodiit.

457 2900 535 2962 EJ.
569 2898 621 2946 de
642 2897 891 2961 pulmonum
903 2893 1147 2956 sith-stantia
1172 2893 1232 2950 &
1262 2907 1380 2942 motu
1405 2894 1598 2941 diatrIba
1633 2892 1815 2941 Hafniae
1847 2899 1978 2952 1663.
1996 2891 2112 2949 8⁰.*.
2179 2891 2299 2947 Fieri
2323 2906 2380 2938 ex

377 3026 448 3081 (p)
474 3021 725 3079 Negllgenter
750 3020 915 3065 describi
942 3018 1036 3063 olim
1061 3019 1326 3063 Hanania
1358 3019 1408 3063 de
1433 3018 1565 3071 xiphia
1589 3031 1630 3072 p.
1653 3031 1715 3071 ι’.
2239 2969 2382 3002 mem·
