2556 3442
552 177 590 228 ς.
625 176 737 231 478⁴
768 180 880 231 479.
940 170 1004 219 R.
1038 168 1327 218 HOOKE·
1365 156 1444 216 ‘E
1476 172 1799 224 RUYSCH.
1963 136 1966 141 -
2107 187 2202 236 529

134 300 404 350 materiales.
471 299 623 348 Idearn
649 299 817 348 format
845 299 997 346 anima
1024 315 1081 345 ex
1106 315 1156 344 ea
1179 298 1362 344 materie
1379 330 1392 350 ‚
1429 298 1502 344 vel
1529 303 1707 360 propria
1731 303 1804 356 vi,
1843 305 1915 351 vel
1940 321 2046 352 cum
2068 306 2201 353 auxi-⁴

99 407 113 413 ⁷.
134 365 198 414 lio
230 363 534 427 impreffionis
561 383 585 412 a
624 364 752 412 sensu
789 365 943 422 aliquo
977 362 1280 414 advenientis,
1348 361 1433 408 Eas
1456 361 1578 408 ideas
1610 364 1797 423 deponit
1820 368 1868 413 in
1894 368 2160 429 repositorio
2178 389 2197 425 3

134 432 325 478 celerius
352 443 504 477 autem
526 430 674 476 ideam
703 427 870 475 format
889 460 903 478 ‚
939 442 1039 485 quae
1068 426 1281 471 acutioris
1306 424 1367 471 est
1390 426 1559 473 indolis
1575 460 1588 478 ‚
1630 428 1673 472 &
1691 442 1861 476 contra.
1931 434 2080 480 Sentit
2100 437 2198 482 ani..

139 511 211 541 ma
244 488 648 554 ideas'repofit‘orii
685 505 915 549 tamquam
947 489 1096 535 radios
1131 489 1183 534 in
1214 505 1339 542 eam,
1396 488 1522 550 quasi
1559 503 1793 543 centrum,
1842 510 2194 557 convergentes‚

134 572 188 605 ut
215 576 272 605 ex
307 559 595 620 longitudine
635 555 748 601 radii
789 565 966 612 tempus
1000 552 1264 611 distinguat,
1303 554 1428 613 quod
1456 570 1482 600 a
1519 551 1712 601 formata
1744 554 1843 601 idea
1883 558 2078 618 elapsum
2116 555 2192 609 est.

133 619 357 670 Distincte
384 633 437 669 ut
467 619 629 665 sentiat
655 618 807 663 anima
830 617 880 662 in
904 617 1248 666 determinatam
1279 630 1453 677 partem
1481 617 1738 679 repositorii
1760 619 1920 667 radiat.
1992 623 2196 673 Viciffim

132 688 245 734 ideae
277 688 324 733 in
350 686 548 732 animam
575 681 782 733 radiant,
827 683 867 727 ἅ
895 682 1131 742 potentius
1160 682 1345 742 quando
1368 683 1526 729 multae
1556 699 1830 744 congenercs
1854 684 1902 730 in
1931 685 2195 744 repofitorio

132 751 436 812 reperiuntur.
503 746 627 793 Hinc
647 746 879 792 revocatio
908 747 1136 792 memoriae
1163 762 1241 806 per
1267 744 1544 794 adfinitates.
1614 749 1778 794 Anima
1803 748 1941 794 etiam
1961 747 2084 796 ideas
2105 749 2198 797 for..

132 827 226 862 mat
251 826 304 859 ex
333 810 671 872 comparatione
700 825 883 862 earum‚
920 827 1020 870 quae
1048 808 1155 857 sunt
1184 811 1234 856 in
1265 809 1530 870 repositorio
1549 845 1562 863 ,
1593 828 1786 872 quarum
1816 809 2086 860 consensum
2120 817 2198 862 vel

133 875 368 925 diffensum
395 875 586 935 percipit
608 890 618 918 :
651 873 698 920 id
727 873 788 919 est
814 875 1089 921 ratiocinari.
1159 872 1451 922 Perfedtiores
1477 876 1589 922 ideae
1613 874 1744 929 sunt,
1778 893 1878 937 quae
1904 893 1960 923 ex
1986 878 2197 938 pluribus

130 951 471 1000 conponuntur.
540 938 775 998 Cogitatio
804 937 865 984 esl:
891 938 1082 985 radiatio
1118 939 1278 985 animae
1302 939 1353 985 in
1378 940 1578 1000 aliquam
1606 941 1753 988 ideam
1784 939 2056 1003 repositorii,
2089 958 2197 993 cum

127 1020 216 1066 qua
243 1005 509 1050 veLno-vam
530 1002 678 1048 ideam
710 999 906 1056 format,
933 1003 1006 1049 vel
1031 1013 1223 1049 renovat
1249 1002 1486 1050 vetustam.

255 1085 311 1132 In
346 1084 598 1146 posthumis
629 1084 766 1130 etiam
795 1081 1014 1132 fabricam
1055 1086 1204 1139 oculi,
1244 1085 1365 1132 vires
1407 1080 1745 1147 confringentes
1786 1088 1955 1135 tunicae
1988 1089 2193 1144 corneae,

123 1149 374 1199 minimum
406 1151 628 1212 angulum
660 1146 882 1196 vifibilem
896 1183 918 1203 ,.
945 1149 1169 1212 picturam
1195 1148 1366 1213 objecti
1387 1151 1438 1198 in
1458 1152 1592 1199 oculo
1612 1150 1839 1201 artificiali
1861 1154 1904 1201 &
1932 1153 2018 1202 alia
2036 1151 2191 1203 habet.

1412 1224 1426 1241 N

588 1286 637 1345 §-
673 1287 1152 1337 CCCCLXX1X‚
1222 1289 1457 1339 Fridericus
1492 1291 1728 1340 RUYscrr.

251 1420 499 1481 Haganus‚
526 1418 750 1467 Profeffor
774 1418 1216 1469 Amstelodamensis.
1283 1422 1354 1470 Ex
1383 1421 1756 1484 Pharmacopelio
1788 1422 1957 1484 prodiit
1993 1421 2109 1485 (f),
2147 1425 2193 1472 ἃ

121 1484 174 1532 in
202 1486 412 1531 maximae
447 1485 564 1532 circa
592 1484 687 1533 haec
717 1497 922 1545 tempora
948 1483 1079 1533 famae
1111 1484 1352 1533 incisorem
1377 1487 1529 1542 evaffi,
1569 1491 1647 1549 qui
1674 1505 1787 1549 pene
1804 1486 2090 1549 septu-aginta
2110 1505 2191 1535 an-

118 1550 192 1596 nis
221 1564 247 1594 a
276 1550 424 1609 primo
454 1548 674 1609 opusculo
703 1550 960 1596 anatomico
989 1551 1208 1598 ultimum
1245 1551 1406 1599 edidit.
1472 1554 1677 1614 Longam
1711 1554 1867 1606 vitam„
1905 1569 2009 1599 cum
2049 1554 2192 1613 pluri-

120 1629 241 1660 mam
265 1614 315 1660 in
343 1611 564 1674 populosa·
590 1614 702 1662 urbe
731 1625 848 1660 certe
874 1612 1154 1661 occasionem
1182 1617 1224 1662 ὃς
1249 1616 1414 1663 laboris
1444 1633 1643 1663 amorem
1682 1615 1951 1663 rariffimum
1993 1618 2191 1678 conjun-

120 1689 273 1739 geret,
310 1676 591 1738 potiffimum
619 1678 844 1739 replendis
862 1676 973 1725 vafis
992 1681 1192 1739 corporis
1213 1679 1430 1733 humani,
1470 1683 1511 1729 Sc
1535 1681 1801 1728 condiendis
1825 1680 2068 1728 visceribus
2103 1682 2188 1728 im-

119 1741 309 1802 pendit,
349 1742 613 1803 partibusve
638 1743 865 1803 corporis,
905 1759 1017 1803 quas
1045 1742 1287 1791 artificiose
1313 1746 1578 1805 repleverat.
1659 1746 1729 1792 Ita·
1759 1744 1973 1804 thesauros
2004 1747 2191 1807 collegit

79 1830 93 1833 -
121 1810 421 1860 anatomicos‚.
443 1823 640 1867 quorum
665 1809 836 1867 priores
868 1807 1045 1854 PETRO
1069 1809 1104 1854 I.
1138 1809 1346 1855 vendidit
1370 1828 1382 1861 ;
1431 1810 1594 1855 deinde
1617 1808 1846 1856 animosus
1874 1808 2008 1856 senex
2038 1827 2190 1857 novos·

117 1869 200 1917 fibi
236 1872 539 1931 comparavit,
591 1888 740 1932 neque
775 1884 925 1918 mente
964 1873 1143 1925 minor,
1193 1890 1342 1933 neque
1378 1872 1587 1927 solertia,
1636 1876 1767 1934 eique
1812 1873 1971 1921 labori
1999 1875 2191 1921 immor-

118 1947 229 1982 tuus
261 1934 337 1982 est.
425 1933 670 1995 Saepiffime
702 1936 877 1982 bonum
906 1933 1059 1982 senem
1086 1937 1210 1990 vidi,
1243 1936 1358 1998 srepe
1397 1939 1781 1986 Bonanfflvmm
1815 1939 1935 1985 inter
1965 1940 2006 1985 ὃς
2036 1937 2186 2000 ipsum

118 2000 353 2046 literarum
383 2003 553 2046 vector.
622 2001 823 2061 Simplex
847 2012 943 2047 erat
971 2002 1012 2047 &
1041 2001 1216 2048 modice
1232 2002 1357 2049 libris
1374 2016 1491 2049 certe
1513 2004 1792 2055 innutritus,
1828 2015 1875 2049 ut
1895 2002 2086 2049 omnino
2107 2019 2187 2050 ne-

119 2080 207 2123 que
235 2063 290 2110 ab
317 2064 549 2112 erroribus
571 2062 651 2111 fibi
673 2065 835 2125 utique
863 2066 1058 2118 caverit,
1093 2082 1243 2126 neque
1272 2083 1458 2113 omnem
1485 2084 1539 2113 ex
1567 2067 1763 2112 maxima
1792 2067 2067 2128 experientia
2094 2068 2189 2114 uti-

115 2127 520 2182 litatemhauserit‚
549 2145 691 2189 quam-
718 2140 932 2189 potuerat
957 2127 1169 2183 hausisse,
1206 2131 1452 2178 admirator
1474 2130 1653 2178 artificii
1677 2129 1761 2184 sui,
1802 2132 1926 2191 quod
1952 2148 1976 2177 a
2004 2132 2189 2179 SWAm-

119 2204 410 2240 MERnAnsso
437 2193 583 2239 amico
607 2191 689 2239 suo
713 2205 961 2253 acceptum,
994 2196 1037 2241 ἅν
1059 2193 1326 2254 perfeetum,
1361 2207 1595 2256 tamquam-
1619 2212 1825 2243 arcanum
1852 2194 1932 2242 fibi
1955 2194 2150 2243 servavit
2166 2230 2184 2250 ‚

115 2257 163 2304 δε
182 2256 306 2316 quod
329 2255 453 2302 idem·
476 2273 502 2302 a
536 2269 682 2303 morte
710 2258 803 2308 viri.
827 2258 1093 2306 RIEGERUS
1115 2260 1385 2318 publicavit.
1456 2258 1658 2308 Mirifica
1693 2260 1913 2320 patientia
1954 2260 2009 2307 ad
2049 2277 2186 2308 orna-

116 2331 217 2367 tum
242 2322 283 2367 δε
311 2319 591 2367 munditiem-
613 2319 694 2367 sua
717 2322 873 2368 onmia
899 2324 1189 2382 comparabat
1205 2358 1221 2377 ,
1258 2340 1284 2370 a
1311 2322 1495 2372 filiabus
1528 2324 1710 2386 adjutus
1732 2343 1748 2376 ;-
1789 2324 2076 2379 macerandi,
2113 2342 2183 2371 re-

113 2383 352 2437 solvendi,
385 2384 670 2437 indurandi,
701 2386 935 2445 inplendi,
965 2384 1158 2434 ficcandi
1183 2388 1369 2448 perinde
1400 2405 1583 2450 gnarus.
1674 2388 1868 2436 Amabat
1908 2389 2064 2436 omnia
2100 2387 2186 2436 sua

112 2449 169 2495 ad
185 2447 484 2496 ostensionem
500 2446 781 2502 con-servare,
803 2448 912 2496 hinc
924 2450 1005 2497 vix
1016 2451 1329 2512 quidquam-in
1346 2453 1672 2513 conjunctione
1685 2469 1789 2499 cum
1800 2454 1976 2514 reliquo
1992 2470 2180 2513 corpore

113 2513 334 2574 depinxit.
405 2510 653 2560 Cellulosas
678 2514 788 2559 telas
814 2514 987 2574 primus
1013 2513 1121 2560 flatu
1146 2514 1360 2563 distentas
1382 2514 1589 2564 servavit.
1660 2517 1842 2564 Primus¹
1864 2520 1907 2565 &
1926 2535 2039 2577 pene
2058 2517 2184 2565 solus

113 2594 303 2639 corpora
335 2578 506 2638 repleta
531 2578 581 2624 in
606 2584 707 2623 aere
735 2575 816 2624 suo
840 2594 944 2625 cum
964 2579 1123 2625 nativo
1154 2581 1305 2626 colore
1339 2578 1604 2627 conservata
1635 2580 1844 2629 ostendit.
1913 2583 2088 2630 Primus
2110 2599 2179 2628 ce-

113 2642 235 2688 rebri
262 2642 513 2689 indurandi
537 2653 677 2689 artem
700 2641 894 2689 invenit.
962 2643 1146 2702 Neque,
1165 2641 1194 2689 fi
1221 2645 1641 2692 LmBERRUHNlUs
1671 2647 1765 2706 (g)
1802 2648 2056 2695 RUYSCHH
2078 2662 2177 2692 mu-

111 2707 225 2753 mias
252 2705 445 2767 sprevit,
482 2717 665 2768 oportet
692 2718 772 2754 aut
806 2706 1039 2766 ingratum
1074 2705 1154 2754 effe
1180 2708 1230 2754 in
1267 2708 1512 2756 diuturnos
1546 2711 1636 2757 viri
1672 2711 1880 2766 labores,
1933 2724 2011 2759 aut
2037 2712 2176 2756 multa

111 2771 234 2818 bona
263 2772 521 2835 negligere,
549 2787 650 2833 quae
677 2787 756 2832 per
790 2771 889 2833 ejus
909 2771 998 2820 viri
1029 2788 1164 2835 opera
1187 2770 1334 2834 sparsa
1357 2775 1532 2829 latent,
1578 2786 1658 2823 aut
1686 2791 1742 2823 ex
1771 2777 1868 2838 ejus
1900 2775 2176 2845 experimen-

2118 2851 2175 2885 tis

162 2898 239 2947 (f)
266 2899 368 2948 apud
394 2898 658 2940 Vnnooxu.

163 2953 228 3004 (g)
254 2951 379 2993 Nimis
399 2953 534 3006 pingui
557 2952 719 2999 &molli
739 2953 898 2999 materie
920 2952 1028 2999 usum
1047 2952 1121 2996 effe
1139 2984 1151 3004 ,
1182 2952 1267 2997 vasa
1283 2955 1329 2998 d‘e
1343 2954 1412 3002 ficu
1424 2954 1584 3003 movisse
1598 2957 1669 3003 &a
1699 2955 1821 3002 Mem.
1838 2957 1884 2999 de
1897 2955 2033 3000 Berlin
2055 2960 2172 3005 1748.

1103 3031 1276 3095 Xxx
