2556 3442
786 109 833 170 §-
873 116 979 173 578·
1015 118 1121 168 579·
1188 108 1230 171 J·
1265 109 1495 158 MERY-
1734 105 1736 108 ’
1867 175 1870 177 ,
2077 113 2168 168 643

235 243 293 291 In
321 245 456 290 Mem.
490 254 630 290 avant
659 248 795 299 1699.
833 242 890 289 T.
922 241 985 288 X.
1021 256 1133 288 anno
1167 244 1303 297 1684.
1342 236 1705 296 experimentum
1731 235 1792 284 est
1818 235 1917 284 felis
1948 233 2031 284 sub
2053 251 2171 298 aqua

108 304 276 361 mersae,
305 308 434 369 cujus
465 309 637 369 pupilla
663 304 854 354 mirifice
880 305 1121 358 dilatatur,
1159 306 1287 351 utin
1318 302 1465 348 retina
1487 299 1589 345 vasa
1622 302 1759 348 rubra
1788 302 1955 348 videas·

185 428 190 429 ⁷
236 407 364 451 Anno
392 411 525 463 1685.
553 405 645 466 jam
672 401 897 455 ostendit,
933 396 1246 448 ventriculum
1269 398 1419 447 cordis
1445 396 1656 444 dextrum
1679 413 1782 443 cum
1815 397 1985 446 sinistro
2011 398 2064 445 in
2088 412 2170 446 ave

43 508 53 514 .
107 468 229 530 regia
260 467 482 516 foramine
508 467 860 515 communicare.

233 551 301 598 Ib.
338 551 392 598 de
416 549 653 597 testudinis
679 548 897 608 pulmone
921 543 1170 593 veflculari·

239 633 305 680 lb.
339 632 393 679 de
423 630 548 678 simia
578 646 743 691 magna
774 628 980 675 clitoride
1000 663 1013 682 ,
1053 645 1135 690 pro
1157 627 1426 689 androgyna
1451 625 1620 674 habita.

235 718 366 762 Anno
386 707 523 767 1686.
552 712 714 759 duetus
740 712 902 758 laeteos
935 711 1060 765 dicit,
1096 712 1152 759 ad
1182 727 1399 758 mammas
1424 709 1663 757 tendentes
1694 707 1744 755 in
1770 704 1856 753 fele
1879 704 2117 754 zibethiea.

183 812 187 816 ·
239 799 368 843 Anno
403 801 538 853 1687.
566 794 614 840 in
639 794 800 840 avibus
825 794 1045 840 circulum
1072 791 1240 850 osseum
1269 793 1437 839 ambire
1462 791 1664 838 tunicam
1689 805 1915 837 corneam.

237 880 366 926 Anno
390 882 525 931 1688.
546 877 639 938 agit
658 876 712 922 de
734 875 982 922 calcaribus
1005 875 1055 922 in
1079 876 1177 937 capi
1204 887 1341 936 caput
1361 873 1555 927 insertis,
1589 890 1690 934 quae
1712 869 2172 933 comprehenderunt.

235 965 363 1009 Anno
392 966 528 1016 1689.
570 956 728 1008 incisio
757 957 871 1012 viri,
911 957 986 1005 cui
1017 958 1173 1006 onmia
1208 956 1379 1006 viscera
1421 973 1445 1003 a
1488 956 1650 1003 dextro
1685 957 1822 1003 latere
1856 957 1908 1003 in
1946 951 2174 1000 sinistrum

106 1038 232 1075 trans
235 1025 390 1087 posita.

238 1110 367 1154 Anno
403 1112 538 1162 1690.
586 1104 640 1151 de
673 1102 968 1165 respiratione
1010 1104 1181 1152 avium.
1249 1102 1492 1165 Inspiratio
1526 1101 1608 1157 fit,
1660 1101 1843 1164 quando
1871 1101 2071 1150 sternum
2099 1115 2173 1147 ex-

110 1170 310 1220 trorsum
342 1170 484 1217 fertur
511 1173 551 1217 &
579 1167 784 1216 viciffim.

238 1255 295 1301 In
325 1257 556 1300 Memoires
587 1252 639 1298 de
678 1250 1007 1313 mathematique
1039 1249 1098 1308 ἓξ
1133 1250 1186 1298 de
1211 1249 1414 1314 phyfique
1445 1256 1579 1307 1692.
1615 1265 1784 1297 novam
1820 1247 1948 1297 suam
1979 1247 2034 1294 de
2073 1245 2172 1295 fim-

106 1319 259 1382 guinis
291 1334 369 1378 per
398 1334 476 1364 cor
499 1319 550 1363 in
572 1316 668 1363 fetu
700 1317 895 1365 circuitu
924 1317 1080 1378 aperit.

238 1404 371 1449 Me‘m.
398 1400 450 1446 de
482 1406 617 1456 1693.
664 1412 820 1460 aperto
855 1402 1034 1459 pee’tore
1073 1399 1158 1445 alia
1197 1398 1410 1444 animalia
1440 1398 1610 1456 (calidi
1642 1393 1918 1458 sanguinis)
1956 1395 2171 1449 interire,

102 1463 265 1528 frigida
282 1499 295 1518 ‚
332 1476 384 1511 ut
411 1464 606 1517 testudo,
641 1462 954 1524 supervivere,
993 1463 1116 1523 quod
1144 1464 1195 1508 in
1218 1463 1443 1510 testudine
1466 1480 1544 1510 cor
1568 1464 1744 1509 roboris
1768 1462 1930 1507 habeat
1962 1458 2082 1513 satis,
2117 1459 2174 1506 ad

107 1545 212 1577 eum
246 1531 488 1577 circuitum
514 1527 859 1589 perficiendum.
928 1529 983 1575 In
1011 1527 1236 1574 testudine
1268 1528 1549 1575 ventriculos
1578 1527 1725 1574 cordis
1751 1525 2104 1578 communicare,
2133 1526 2176 1571 dc

107 1611 267 1641 omnes
303 1606 393 1641 tres
419 1594 700 1640 ventriculos
730 1594 848 1640 vires
877 1591 978 1639 suas
1013 1592 1069 1639 ad
1100 1590 1368 1653 sanguinem
1407 1591 1724 1652 expellendum
1758 1591 1906 1637 unire.
1992 1590 2175 1636 Pulmo-

104 1676 211 1706 nem
237 1659 421 1719 quidem
446 1656 767 1718 ampliffimum
791 1656 900 1711 effe,
940 1673 1098 1718 parum
1128 1672 1237 1702 vero
1264 1655 1498 1718 sanguinis
1536 1657 1796 1709 continere,
1845 1654 2013 1701 lentius
2039 1653 2175 1700 etiam

107 1724 205 1786 ers
231 1722 495 1785 sanguinem
520 1723 770 1769 circumire.
839 1723 1109 1769 Humanum
1134 1719 1277 1767 fetum
1294 1755 1306 1774 ‚
1343 1723 1498 1768 matris
1524 1720 1612 1767 suae
1639 1732 1813 1782 partem
1837 1717 1934 1766 effe.

241 1806 416 1854 Eodem
440 1822 562 1852 anno
587 1806 800 1867 gemellos
831 1821 934 1851 cum
959 1805 1095 1851 unica
1122 1804 1327 1864 placenta
1351 1806 1393 1850 &
1422 1801 1619 1851 secunda
1644 1801 1870 1849 describit.

232 1888 434 1998 Εοάεηὲ,
471 1895 619 1934 aerem
645 1887 699 1934 de
723 1885 930 1934 veficulis
956 1888 1094 1933 aereis
1111 1887 1304 1949 pelicani
1326 1888 1376 1935 in
1401 1884 1659 1935 cellulosam
1690 1887 1823 1933 telam
1848 1883 2175 1932 subcutaneam

107 1964 346 2016 penetrare
412 1964 526 1998 ocet.

182 2100 191 2108 .
235 2038 364 2082 Anno
403 2040 538 2093 1694.
583 2032 854 2096 sanguinem
889 2034 941 2083 in
982 2034 1155 2082 arteriis
1192 2034 1427 2096 adquirere
1462 2034 1654 2083 rubrum
1689 2035 1918 2086 colorem,
1965 2033 2015 2079 in
2044 2032 2175 2080 venis

105 2111 326 2146 amittere.

240 2181 404 2227 fetum
436 2179 603 2227 busoni
629 2179 817 2227 fimilem
846 2179 1082 2236 describit,
1119 2183 1274 2230 cranio
1301 2183 1510 2230 minimo.

236 2263 293 2311 In
318 2260 406 2323 hist.
438 2262 490 2308 de
517 2262 690 2309 l’Acad.
723 2269 859 2320 1695.
896 2279 1064 2310 novam
1092 2262 1217 2311 suam
1253 2265 1307 2311 de
1346 2264 1538 2312 transitu
1559 2263 1792 2325 sanguinis
1826 2280 1904 2324 per
1929 2262 2077 2310 cordis
2105 2280 2175 2310 ca·-

104 2329 228 2375 nales
251 2329 301 2373 in
326 2325 424 2373 fetu
448 2339 626 2387 apertos
653 2328 922 2387 opinionem
951 2329 1124 2388 aperit:
1165 2342 1304 2389 negat
1334 2331 1566 2376 valvulam
1590 2330 1670 2375 effe
1689 2330 1741 2375 in
1771 2329 1893 2375 ovali
1922 2326 2172 2375 foramine:

106 2408 244 2439 venas
284 2393 566 2452 pulmonales
607 2408 630 2438 e
667 2391 838 2438 diredm
878 2391 934 2437 ad
966 2392 1012 2438 id
1051 2390 1255 2438 foramen
1295 2394 1457 2440 ducere
1505 2405 1694 2445 monet3
1753 2393 1959 2439 arteriam
1998 2394 2174 2453 pulmo-

104 2459 258 2503 nalem
284 2456 364 2503 ess'e
387 2470 515 2503 aorta
547 2457 799 2517 majorem:
842 2456 900 2502 >in
930 2456 1065 2503 corde
1104 2456 1343 2503 testudinis
1371 2457 1557 2504 eandem
1591 2456 1671 2504 effe
1694 2458 1987 2504 direefionem
2019 2469 2173 2502 motus

104 2520 341 2583 sanguinis
363 2556 375 2574 ,
411 2537 546 2581 quam
574 2519 667 2580 ipse
694 2520 743 2567 in
769 2518 863 2568 fetu
890 2522 1038 2581 ponit.
1110 2522 1180 2567 Ad
1205 2520 1485 2582 objec‘iiones
1509 2524 1821 2569 DUVER‘NEU
1850 2520 2104 2582 respondet.

237 2604 370 2650 IDEM
410 2604 469 2649 ib.
507 2601 748 2650 vesiculam
779 2601 895 2649 fellis
927 2603 1046 2649 vidit
1077 2601 1215 2663 hepar
1246 2604 1297 2649 in
1327 2605 1463 2664 vulpe
1498 2602 1740 2664 perforare.
1826 2604 1880 2650 In
1921 2603 2074 2650 ovatio
2105 2597 2171 2664 *fe-

105 2670 269 2721 minae,
303 2685 352 2715 os
379 2669 546 2728 reperit
573 2667 695 2728 quali
720 2668 928 2715 maxillae.
996 2669 1260 2716 Reticulum
1286 2681 1531 2715 cutaneum
1554 2667 1834 2729 perforatum
1862 2666 2092 2718 describit,
2127 2665 2172 2711 ὃς

105 2744 319 2779 cutaneas
348 2733 600 2793 glandulas.

235 2814 291 2860 In
313 2812 400 2875 hist.
432 2815 484 2860 de
515 2814 686 2862 l‘Acad.
719 2822 852 2871 1696.
881 2814 935 2861 de
961 2812 1154 2863 musculi
1180 2812 1350 2863 fabrica
1377 2816 1542 2878 aliqua.
1610 2816 1811 2878 Vaginas
1834 2811 2057 2860 fibrarum
2082 2827 2173 2858 oar-

103 2894 293 2928 nearum
330 2895 435 2924 non*
455 2880 573 2925 bene
606 2881 842 2927 tendineas
874 2879 995 2927 lacit.

237 2961 305 3011 lb.
343 2960 398 3007 de
427 2960 642 3028 museulis
669 2963 899 3026 palpebrae
926 2964 1119 3012 internae
1139 2963 1306 3009 ‘avium
1337 2965 1443 3023 agit.

1094 3047 1149 3095 M
1169 3063 1214 3093 m
1247 3062 1293 3093 m
1313 3062 1358 3093 m
1391 3056 1423 3094 2
2114 3041 2172 3088 In
