2556 3442
867 140 1590 202 §.59JG·ALENUs.
2173 166 2322 216 '²93-

199 275 449 328 suffeciffet.
518 279 604 329 Sed
633 281 766 329 etiam
804 278 1095 349 urinaculum
1114 277 1180 324 -in
1202 279 1444 333 umbilico,
1495 281 1538 327 &
1570 279 1620 326 in
1655 292 1787 328 utero
1818 289 2040 339 acetabula
2068 294 2241 355 recipit.

200 342 317 390 Vasa
347 342 610 404 spermatico.
636 345 692 390 ab
722 344 1030 390 HEROPHILO
1053 355 1102 386 111
1124 343 1361 388 nonnullis
1388 344 1654 389 mulieribus
1679 345 1882 401 inventa,
1917 351 2019 400 solis
2039 358 2087 401 in
2109 357 2243 404 simiss

199 405 419 466 quaefivit.
489 408 612 465 Qae‘
633 422 714 466 pro
737 403 859 451 tubis
888 402 1140 457 habentur,
1177 404 1290 450 mihi
1320 407 1436 452 male
1461 405 1680 466 descripta
1703 408 1945 464 videntur,
1985 418 2024 460 &
2064 423 2241 478 propio.

199 485 249 516 ra
276 470 518 517 brutorum
543 469 808 515 animalium
834 464 1029 512 fabricae.
1120 467 1220 524 Qi
1252 469 1373 514 enim
1411 469 1558 521 dicas,
1607 468 1760 516 versus
1790 484 1969 518 uterum
2001 479 2202 528 latescere
2226 517 2239 536 ‚

199 531 282 578 ’nifi
308 536 465 579 audior
485 530 577 591 ipsa
597 545 767 576 cornua
792 545 873 589 pro
896 529 1017 576 tubis
1044 527 1242 576 haberet.
1314 533 1548 578 Cervicem
1572 531 1726 578 vesicae
1757 534 1914 580 duram
1952 539 1992 582 &
2023 543 2241 597 cartilagi-

200 610 332 640 neam
361 596 494 646 dicit,
524 593 575 639 in
601 593 768 639 vetulis
793 593 931 639 etiam
963 593 1119 653 magis.
1208 595 1400 641 Uterum
1439 596 1488 641 in
1519 596 1786 655 graviditate
1819 599 2074 647 tenuiorem
2104 593 2242 654 reddi.

199 657 323 704 Citat
347 658 602 703 GALENUS.

326 748 518 798 Seorfim
532 749 716 810 prodiit,
745 762 949 798 vertente
974 752 1016 813 J.
1035 753 1356 800 GUINTHERO
1381 753 1514 800 Paris.
1534 769 1553 801 1
1567 763 1670 812 536.
1693 746 1772 803 fol.
1810 759 1941 816 Lyon
1962 771 2044 816 155
2063 774 2096 806 1.
2125 762 2248 806 16⁰.*

195 817 242 869 J.
260 813 480 861 Bernarclo
495 814 527 861 F
531 827 771 862 ELIC1ANO
790 815 1036 876 interprete
1068 815 1356 863 Francofurti
1385 824 1520 877 1604.
1562 828 1655 866 12⁰.
1723 819 1878 868 Vertit
1903 823 2041 869 etiam
2054 824 2095 885 J.
2113 825 2248 872 Cos·

196 889 398 923 namus.

328 971 488 1019 Codex
514 989 685 1034 graecus
714 972 854 1021 exstat
876 974 926 1020 in
949 973 1063 1021 Bibl.
1095 975 1205 1035 Reg.
1228 973 1364 1022 Paris.
1397 992 1442 1023 n.
1471 982 1609 1034 2269.
1639 980 1682 1026 &
1709 981 1823 1028 alius
1846 998 1891 1028 n.
1914 992 2055 1041 227¹.

324 1067 425 1116 Lib.
460 1068 515 1115 de
543 1071 810 1131 instrumento
844 1070 1050 1117 odoratus
1087 1071 1303 1118 Ludovico
1333 1073 1632 1122 BELtAsARlo
1670 1078 1926 1136 interprete.
2018 1079 2246 1125 Tunicam

199 1131 382 1191 quidem
410 1133 686 1191 pituitariam
714 1134 901 1179 minime
926 1134 1157 1194 ignoravit
1182 1136 1269 1181 late
1298 1148 1478 1194 patere:
1532 1153 1679 1198 neque
1710 1152 1862 1186 tamen
1889 1141 1940 1187 in
1979 1157 2029 1187 ea
2054 1141 2245 1190 olfactus

199 1194 347 1241 sedem
384 1194 465 1241 effe
496 1196 655 1249 docet,
690 1194 766 1242 sed
793 1196 842 1242 in
871 1198 1138 1244 ventriculis
1166 1199 1335 1245 cerebri
1358 1200 1688 1254 anterioribus,
1726 1218 1818 1261 quo
1850 1210 1925 1250 aer
1959 1220 2036 1263 per
2062 1202 2246 1253 forami-

159 1263 164 1266 ’
197 1273 260 1304 na
284 1256 387 1304 offis
420 1257 601 1304 cribrofi
625 1260 810 1306 veniat:
857 1261 964 1306 exili
989 1262 1299 1320 experimento
1327 1261 1571 1316 adductus,
1605 1265 1786 1325 juvenis
1812 1268 1893 1325 qui
1915 1282 1941 1311 a
1964 1267 2130 1327 nigella
2160 1271 2246 1315 alte

201 1320 398 1367 adtracta
428 1337 621 1431 gravgn}
633 1320 811 1431 sendsum
833 1322 885 1369 in
916 1324 1079 1384 capitis
1106 1325 1282 1372 intimis
1309 1327 1567 1386 perceperit.
1652 1329 1848 1375 Mucum
1881 1330 2015 1376 ctiam
2038 1330 2089 1377 in
2116 1347 2245 1380 nares

198 1400 278 1446 per
307 1401 378 1431 eas
410 1400 506 1432 vras
568 1401 590 1430 e
613 1401 693 1431 cen
728 1402 815 1433 ere.

327 1480 481 1591 {xstat
506 1497 610 1528 curn
640 1481 738 1528 aliis
766 1483 1003 1530 nonnullis
1036 1481 1168 1531 Paris.
1190 1490 1324 1544 1536.
1344 1482 1422 1533 fol.
1489 1485 1647 1534 Codex
1663 1502 1832 1548 graecus
1854 1489 1905 1536 in
1917 1488 1964 1535 B.
1980 1489 2090 1551 Reg.
2107 1489 2241 1537 Paris.

198 1559 246 1592 n.
276 1555 329 1592 21
370 1558 416 1604 4.

323 1640 450 1687 Libri
483 1641 560 1696 (x)
594 1641 646 1688 de
672 1640 750 1700 usu
767 1647 964 1704 partium
986 1642 1138 1690 XVII.
1209 1644 1299 1691 Eos
1333 1641 1502 1706 scripsit
1524 1645 1767 1694 GALENUS
1785 1681 1798 1702 ,
1842 1647 1951 1694 dum
1979 1649 2046 1696 M.
2075 1650 2242 1697 ANTO·

198 1716 372 1753 NINUM
399 1705 448 1751 in
470 1704 590 1751 bello
620 1706 892 1752 Germanico
919 1723 1192 1766 occupatum
1216 1708 1375 1754 Romae
1401 1706 1710 1769 exspectabat,
1745 1711 1997 1758 valetudini
2023 1712 2241 1761 COMMO—

197 1782 255 1817 D1
283 1766 517 1829 praefectus
535 1802 548 1822 ‚
585 1769 682 1829 post
710 1767 906 1816 consulis
927 1771 1128 1820 BOETffl
1155 1769 1397 1818 disceffum.
1465 1773 1699 1834 Integrum
1730 1774 1903 1821 vastum
1937 1791 2051 1835 opus
2077 1776 2132 1821 ad
2156 1792 2240 1823 nos

197 1832 428 1894 pervenit,
463 1833 586 1892 quod
614 1832 677 1878 est
705 1849 759 1878 ex
784 1833 989 1893 optimis,
1028 1849 1128 1892 qnae
1156 1835 1395 1882 GALENUS
1424 1836 1670 1895 reliquerit.
1739 1837 1889 1883 Primo
1919 1838 2035 1883 libro
2066 1839 2120 1883 de
2152 1855 2242 1884 ma-

198 1912 288 1943 nus
313 1895 614 1955 pulcherrima
638 1894 818 1943 fabrica.
889 1898 984 1943 Cur
1013 1899 1143 1956 digiti
1171 1896 1277 1944 facti
1319 1898 1428 1952 sint,
1474 1915 1555 1944 cur
1585 1902 1814 1960 quinque,
1857 1917 1938 1946 cur
1968 1903 2239 1960 inaequales,

198 1975 280 2018 cur
310 1959 361 2005 in
387 1969 477 2005 tres
509 1958 750 2021 phalanges
778 1958 921 2006 divisi.
991 1959 1109 2008 Usus
1137 1962 1392 2021 unguium,
1425 1962 1482 2007 ad
1514 1961 1792 2009 subtiliorem
1825 1963 2237 2023 apprehensionem.

197 2022 462 2070 Tendinum
488 2022 778 2069 flexoriorum
804 2021 979 2069 divifio.
1065 2024 1185 2069 Bene
1226 2022 1392 2070 refutat
1423 2025 1724 2078 Emcunum,
1774 2028 1817 2072 &
1849 2031 2237 2079 ASCLEPIADEM,

231 2087 281 2132 ui
305 2103 361 2132 ex
393 2085 706 2146 magnitudine
736 2098 889 2132 motus
917 2085 1144 2133 musculos
1183 2104 1370 2148 magnos
1395 2086 1494 2134 fieri
1526 2087 1815 2149 scripserant,
1851 2102 1906 2135 ut
1940 2089 2053 2135 fines
2081 2093 2239 2149 praevi·

199 2101 271 2195 sos
301 2161 566 2196 everterent.
634 2150 754 2197 Nam
786 2166 864 2196 cur
883 2151 1053 2210 gemini
1069 2148 1263 2197 musculi
1287 2149 1392 2197 faeti
1415 2152 1470 2196 ad
1493 2152 1680 2213 magnos
1708 2163 1873 2198 motus.
1943 2152 2039 2198 Cur
2064 2153 2244 2199 homini

200 2212 349 2271 pollex
384 2228 603 2270 magnus,
641 2211 775 2259 fimiae
802 2229 965 2273 parvus
997 2216 1039 2259 δε
1069 2214 1318 2260 imbecillis.
1411 2214 1543 2262 Nihil
1581 2228 1700 2261 certe
1740 2214 1816 2261 hic
1856 2217 2064 2269 invenit,
2116 2218 2240 2277 quod

202 2286 351 2333 carpat
377 2277 533 2321 audior
569 2292 769 2336 nuperus
788 2310 800 2329 ‚
855 2277 936 2336 qui
969 2278 1186 2324 GALENO
1213 2276 1399 2324 insultat
1418 2311 1430 2330 ‚
1481 2278 1606 2338 quod
1637 2278 1691 2324 de
1725 2279 1925 2325 inventis
1952 2278 2022 2325 his
2044 2282 2236 2339 partium

201 2338 401 2398 corporis
416 2338 617 2386 animalis
631 2338 780 2386 usibus
803 2339 1006 2385 docendo
1022 2340 1218 2399 hymnos
1229 2342 1361 2387 DEO
1379 2339 1648 2402 gratissimos
1663 2340 1705 2388 se
1720 2358 1878 2388 canere
1901 2343 2120 2403 gloriatur
2140 2344 2236 2403 (y).

331 2432 429 2479 Lib.
452 2432 511 2479 II.
548 2432 649 2489 (z).
717 2433 915 2481 Musculi
943 2436 985 2481 &
1011 2431 1163 2484 motus
1192 2451 1377 2489 manus,
1412 2438 1548 2496 carpi,
1585 2437 1754 2490 cubiti,
1787 2435 1974 2484 brachii.
2044 2438 2139 2485 Cur
2162 2439 2238 2485 ali-

201 2507 271 2544 ter
301 2496 352 2542 in
380 2510 519 2541 manu
546 2497 696 2556 pollex
720 2495 917 2556 positus,
954 2499 1079 2545 aliter
1110 2499 1160 2544 in
1185 2498 1325 2558 pede:
1374 2498 1429 2546 de
1454 2501 1709 2561 aptitudine
1731 2498 1908 2548 fabricae
1929 2500 2088 2549 cubiti.
2141 2503 2237 2549 Hir<

198 2559 313 2607 meri
338 2556 422 2606 offa
452 2556 722 2606 sesamoidea
747 2559 893 2607 habet.
1256 2583 1259 2585 ·
1810 2589 1814 2591 >

322 2655 421 2702 Lib.
446 2656 528 2702 ΙΙΙ.
571 2654 809 2714 Ingeniose
839 2655 1056 2711 ostendit,
1110 2656 1344 2705 hominem
1376 2657 1433 2705 ad
1465 2672 1582 2708 artes
1611 2677 1637 2706 a
1667 2671 1828 2708 natura
1852 2659 2019 2709 fartum
2038 2695 2051 2713 ‚
2101 2674 2236 2706 manu

202 2717 397 2780 eguiffez
430 2720 584 2767 nullos
609 2717 717 2766 hinc
745 2720 1000 2768 Centauros
1022 2720 1431 2833 potuilsefixstare,
1466 2723 1522 2771 ad
1551 2721 1702 2771 officia
1730 2723 1925 2772 humana
1962 2723 2237 2830 futuros-liga

1307 2797 1330 2843 3
1494 2840 1498 2845 .,
2087 2800 2153 2830 1¹²
2223 2818 2232 2828 ·

252 2893 319 2946 (x)
347 2894 448 2987 Ciltat
475 2895 582 2937 suum
609 2895 636 2936 l.
670 2896 720 2937 de
740 2904 853 2942 arte;
879 2896 970 2938 citat
995 2899 1111 2938 etiam
1137 2897 1176 2938 se
1200 2896 1324 2949 ipsum
1349 2897 1398 2939 de
1428 2897 1548 2942 Hn‘r.
1576 2901 1611 2942 ἂ
1643 2901 1772 2942 ΡιΑτ.
1815 2902 1978 2950 dogmat.
2015 2898 2063 2937 de
2089 2893 2235 2947 musen-

399 2963 510 2989 orum
538 2958 658 2989 motu.

193 3030 199 3035 t
253 2997 317 3048 (y)
344 3001 544 3049 Interpret.
577 3004 623 3041 de
650 3003 688 3041 la
713 3009 848 3041 natur.
879 3014 915 3052 p.
940 3014 1026 3051 175.

254 3053 317 3100 (z)
348 3051 449 3091 citat
467 3057 707 3093 anatomicas
721 3051 820 3107 suas
847 3055 1198 3106 adminzstratioms
1215 3084 1226 3104 ,
1256 3066 1396 3108 nempe
1420 3057 1577 3106 priores.
