2556 3442
310 133 405 186 σεε
681 122 818 171 Lm.
870 124 953 172 VJ.
1021 88 1480 181 ANIMALmM
1528 112 1996 162 lucismues

313 256 497 305 arterias
520 249 746 301 tranfiiffe.
815 248 1111 311 Lymphatica
1143 245 1248 296 vasa
1274 243 1540 296 inferentia,
1581 238 1846 293 efferentia;
1885 241 2108 293 valvulae‚
2144 239 2214 287 hae
2240 257 2370 289 acca.

313 334 422 369 rate.
491 316 788 379 Lymphatica
818 312 1071 374 vasaaere,
1105 314 1177 359 vel
1207 313 1382 371 liquore
1411 324 1488 368 per
1513 307 1697 353 arterias
1724 302 1918 365 impulso
1948 303 2124 364 repleri.
2192 306 2366 366 Sigilla-

314 386 400 432 tim
427 381 703 443 lymphatica
730 376 833 427 vasa
859 394 1044 431 renum,
1083 375 1226 426 uteri,
1263 375 1522 420 ovariorum
1546 406 1558 424 ‚
1595 369 1687 416 fere
1721 386 1776 416 ex
1803 368 2089 414 animalibus.
2178 368 2367 428 Experi-

251 478 256 485 κ
311 461 466 495 menta
495 446 549 492 ad
571 443 910 506 generat-ionem
935 441 1221 502 pertinentia.
1290 437 1493 483 Vinculo
1521 435 1715 481 ostendit
1737 433 1928 494 injedlm
1966 431 2082 478 nihil
2112 433 2317 492 generari
2341 448 2368 478 a

311 509 483 558 semine
506 510 656 562 virili,
692 506 724 555 fi
755 507 884 554 ovuli
909 506 1152 552 adventum
1183 500 1487 560 interceperis.
1559 500 1798 545 Calculum
1826 512 1908 557 pro
1941 496 2090 542 lubitu
2118 496 2365 556 produxit,

312 591 502 635 corpore
537 572 966 633 aliquoperegrino
992 569 1042 614 in
1077 565 1267 613 vesicam
1301 565 1548 610 urinariam
1586 562 1864 609 introduElO.
1933 560 2074 606 Porro
2115 557 2219 606 vasa
2255 561 2370 619 lym-

311 637 494 699 phatica
515 637 781 699 perstonaei,
816 632 967 680 sacrat
1004 629 1282 676 mesocolica.
1350 625 1578 674 Proceffus
1606 625 1843 685 peritonaei
1867 624 2159 676 animalium,
2193 623 2363 683 quibus

309 702 456 750 homo
485 700 725 748 destitiwr.
796 695 1079 743 Diverticula
1103 693 1303 752 ejusdem
1323 691 1559 750 peritonaei
1588 691 1636 734 in
1661 688 1830 735 femina
1860 686 2167 744 (cellulosa).
2234 686 2367 733 Uteri

311 763 508 812 humani
534 766 670 817 icon,
708 778 803 808 non
837 771 889 806 ut
919 757 1113 818 sperares
1133 789 1145 808 ,
1182 766 1406 800 anatome.
1488 752 1670 799 Tubam
1708 752 1864 812 ligavit
1882 785 1894 804 ‚
1940 752 2005 797 ita
2030 763 2082 797 ut
2107 752 2226 797 inter
2258 766 2364 796 ova-

308 832 430 877 rium
465 831 508 875 &
535 829 773 875 vinculum
805 822 925 869 serus
956 822 1244 880 reperiretur.
1313 816 1628 864 Membranam
1658 815 1976 861 allantoideam
2006 815 2220 866 admittit.

438 909 617 971 Epistola
654 907 704 953 de
732 904 912 951 inventa
938 902 1055 948 now}
1088 899 1332 945 anatomicis
1366 897 1455 955 (ad
1485 900 1758 943 Dominicum
1793 895 2162 950 BEDDEVOLE).
2235 895 2370 954 Lym-

310 973 488 1036 phatica
515 969 616 1017 vasa
641 985 754 1029 pene
784 967 984 1025 ubique,
1030 965 1080 1010 in
1108 963 1381 1014 abdomine,
1419 960 1525 1007 teste
1545 994 1559 1014 ,
1590 960 1700 1021 pede
1729 959 1927 1019 reperim
1973 960 2024 1005 in
2044 959 2259 1012 cerebro,
2294 956 2370 1004 sed

309 1039 469 1085 rarius.
539 1036 697 1081 Laelea
725 1030 827 1078 vasa
848 1033 898 1075 in
931 1028 1116 1074 homine
1146 1029 1279 1073 etiam
1302 1026 1434 1072 vidit.
2300 1050 2305 1051 κ

440 1118 595 1177 Opera
618 1113 772 1160 onmia
801 1111 1073 1172 prodierunt
1106 1107 1254 1154 Leidae
1276 1118 1414 1165 1733.
1448 1106 1602 1153 2.Vol.

439 1199 698 1259 Hynienem
725 1191 957 1255 discipulis
978 1189 1070 1238 suis
1094 1189 1289 1237 ostendit
1317 1207 1364 1235 v.
1392 1188 1469 1235 der
1496 1189 1638 1234 LAHR
1666 1186 1958 1248 desterilitate
1991 1183 2116 1233 Leid.
2138 1187 2274 1243 1687.

550 1323 593 1380 §.
629 1323 963 1371 DCXXIX.
1030 1323 1086 1368 A.
1111 1325 1181 1368 M.
1213 1320 1403 1367 ALLEN.
1431 1318 1679 1369 Menan,
1716 1315 1823 1362 alibi
1855 1316 2094 1362 Momm.

434 1417 925 1472 MediciDublinenfis.
996 1418 1071 1478 EJ.
1107 1416 1385 1464 Anatomical
1396 1413 1640 1474 accountof
1641 1430 1697 1459 an
1712 1410 1904 1473 elephant
1928 1411 2206 1472 accidentaHy
2226 1409 2372 1459 burnd

305 1494 351 1537 in
378 1488 542 1536 Dublin
569 1507 580 1531 :
628 1483 732 1532 with
763 1501 789 1531 a
820 1484 1008 1530 relation
1037 1499 1089 1528 on
1126 1480 1195 1527 the
1223 1498 1314 1540 eyes
1343 1480 1396 1541 of
1410 1479 1591 1525 nnimals
1640 1477 1838 1524 London
1881 1482 2010 1530 1682.
2042 1475 2123 1534 4*
2187 1476 2370 1523 Bonum

305 1570 419 1613 opus
437 1586 450 1605 ‚
487 1549 566 1599 etfi
596 1549 809 1596 festinato
829 1560 1017 1599 natum,
1054 1561 1158 1592 cum
1190 1545 1385 1606 putredo
1410 1542 1587 1589 vastum
1616 1542 1783 1587 animal
1815 1542 1857 1587 ἃ
1875 1538 2234 1586 semiustulatum
2259 1555 2366 1586 con-

301 1616 512 1663 sumeret.
582 1614 762 1674 Papillae
794 1623 994 1659 cutaneae
1018 1610 1067 1655 in
1092 1621 1222 1656 tanto
1245 1608 1437 1654 animale
1464 1619 1617 1652 tamen
1642 1621 1740 1651 non
1763 1605 1958 1665 majores
1985 1604 2131 1663 capite
2167 1604 2365 1650 aciculae.

304 1680 496 1742 Sanguis
533 1681 575 1726 &
606 1694 709 1724 caro
734 1676 941 1723 animalis
969 1674 1252 1728 abundantes
1284 1671 1370 1718 sale
1405 1667 1608 1717 urinosO.
1675 1669 1830 1716 Nullae
1861 1666 2064 1714 vesiculae
2088 1667 2261 1713 hilariae
2289 1683 2368 1714 ne-

304 1761 392 1805 que
419 1743 688 1790 seminales:
747 1756 917 1788 caecum
951 1736 1215 1784 intestinum
1248 1752 1471 1797 magnum
1499 1736 1540 1780 &
1568 1733 1747 1779 valens.
1791 1733 1888 1793 ejus
1923 1733 2222 1793 ligamentum
2261 1732 2366 1777 uni-

303 1825 422 1855 cum.
491 1809 672 1854 Ductus
697 1803 1022 1866 pancreaticus.
1092 1802 1195 1848 Ren
1213 1798 1380 1860 absque
1406 1799 1524 1859 pelvi
1546 1799 1587 1844 Sc
1615 1797 1805 1857 papillis.
1873 1796 2070 1843 Nullum
2094 1795 2242 1842 cordis
2267 1793 2369 1842 offi-

302 1873 474 1920 culum
542 1872 722 1932 Lingua
733 1866 958 1930 perforata
970 1865 1145 1912 aditum
1159 1865 1236 1911 dat
1248 1867 1299 1911 in
1319 1861 1630 1923 oesophagum.
1698 1862 1770 1907 De
1796 1858 1962 1907 sceleto
1982 1857 2206 1907 &ossibus
2226 1857 2339 1906 fuse.

429 1955 593 2001 Minus
620 1950 752 1999 firma
781 1948 919 2002 sunt,
956 1965 1055 2009 quae
1092 1947 1146 1994 de
1177 1947 1320 1993 oculis
1345 1944 1504 1997 habet,
1551 1944 1592 1989 ἃ
1625 1941 1679 1988 de
1711 1943 1964 2004 ligamentis
1992 1943 2037 1987 in
2070 1941 2202 1988 bovis
2233 1941 2366 1987 oculo

301 2016 432 2071 visis,
470 2020 510 2065 &
536 2018 588 2064 in
613 2016 773 2063 avibus
790 2049 803 2068 ‚
840 2030 941 2074 quae
974 2024 1104 2073 putat
1125 2010 1428 2071 crystallinam
1461 2010 1626 2053 lentem
1648 2006 1703 2052 ad
1723 2007 1916 2052 retinam
1945 2004 2180 2051 adducere.
2249 2002 2367 2050 Vasa

301 2080 626 2141 persuadetur,
652 2079 696 2126 se
724 2078 908 2131 vidiffe,
943 2094 967 2123 a
997 2074 1276 2138 proceffibus
1301 2071 1532 2120 ciliaribus
1568 2071 1619 2117 in
1656 2072 1825 2116 lentem
1854 2068 2154 2129 crystallinam
2180 2068 2367 2121 euntia,

301 2147 442 2207 inque
467 2146 669 2192 vitreum
695 2142 953 2190 humorem.

441 2228 561 2287 Ejus
595 2225 709 2274 obss.
739 2226 792 2272 de
817 2241 923 2271 aure
952 2226 1114 2269 aviam.
1182 2222 1402 2268 Dextram
1426 2234 1530 2265 cum
1562 2215 1733 2264 finistra
1765 2217 1806 2262 ἅ
1833 2211 1963 2274 supra
1984 2213 2219 2260 cerebrum
2245 2229 2368 2261 com-

299 2292 536 2339 municare
569 2294 608 2338 Sc
633 2289 751 2337 infra
786 2288 896 2349 (5).
966 2287 1167 2334 Unicum
1204 2283 1284 2330 effe
1313 2282 1552 2330 officulum
1588 2280 1700 2338 (t).
2051 2335 2057 2337 ξ

364 2403 366 2405 -
407 2373 551 2434 ·EJUS
590 2372 898 2433 experimenta
936 2384 1042 2416 cum
1093 2366 1285 2427 coagulo
1331 2364 1473 2418 fabia,
1523 2365 1565 2410 ἃ
1600 2363 1656 2410 ab
1697 2379 1750 2409 eo
1794 2363 1845 2410 in
1872 2376 2013 2409 venas
2043 2359 2167 2406 canis
2197 2360 2368 2422 injesto

300 2451 429 2483 mors·
450 2437 562 2494 (a).
658 2440 660 2443 ’

426 2511 515 2578 Ἰὴζ-
544 2517 590 2563 in
626 2534 671 2564 n.
707 2529 808 2575 174.
855 2516 978 2563 Feles
1021 2514 1122 2562 duae
1161 2522 1370 2560 connatae
1398 2526 1523 2574 ⁸cum
1560 2511 1705 2571 capite
1742 2492 2051 2568 semiduplici,
2110 2519 2214 2553 cum
2245 2504 2366 2552 bona

298 2593 524 2633 anatem&

428 2663 505 2727 EJ·.
531 2661 651 2723 apud
679 2658 862 2709 BIRCH.
900 2662 977 2720 (x)
1013 2659 1066 2706 de
1094 2656 1229 2720 pulsu
1257 2659 1307 2705 in
1336 2654 1495 2716 capitis
1521 2654 1690 2703 vertice
1726 2651 1867 2707 forti,
1907 2652 2221 2713 exstinguente
2260 2649 2364 2710 pul-

297 2726 397 2776 sum
437 2727 572 2788 carpi.
664 2771 668 2774 ,
2195 2740 2197 2742 -

422 2810 496 2856 Ib.v
530 2808 582 2854 de
606 2805 902 2868 hyda-tidibus
928 2821 1006 2865 per
1032 2820 1172 2852 anum
1203 2801 1367 2850 emiffis
1404 2801 1501 2863 (y)
1518 2838 1530 2849 .

425 2891 483 2939 In
507 2887 619 2938 Phil.
648 2887 801 2948 Transl
823 2904 870 2935 n.
896 2898 1000 2942 191.
1036 2886 1091 2932 de
1116 2887 1245 2946 copia
1274 2884 1508 2946 sanguinis
1523 2903 1536 2937 ς
1573 2885 1654 2931 vix
1677 2879 1889 2930 excedere
1902 2875 2159 2939 vigesimam
2185 2887 2358 2937 partem

2156 2942 2364 3003 corporis

349 3054 405 3105 (s)
430 3052 584 3097 Buca.
617 3051 678 3094 IV.
711 3063 855 3105 μευ,
962 3049 1015 3102 (t)
1044 3051 1188 3101 p.546.
1295 3046 1358 3097 (u)
1389 3059 1424 3098 P·
1444 3059 1535 3097 2950
1592 3023 1597 3026 .
1646 3041 1710 3098 (x)
1738 3053 1776 3093 P·
1800 3052 1891 3091 420·
2015 3039 2078 3091 (y)
2107 3050 2145 3090 P·
2165 3042 2252 3090 54⁶·
