2556 3442
235 163 330 212 792
512 172 517 176 ⁴
628 162 647 171 *-
691 157 829 202 LJB.
875 156 1001 203 VII.
1068 146 1450 201 ANATOME
1498 118 1841 200 HUMA'NA.

237 294 377 336 runt,
412 281 467 329 de
504 282 624 330 nidis
655 280 956 335 insectorum,
978 276 1048 328 ‘de
1078 280 1396 329 cantharidum
1427 280 1477 326 in
1511 277 1731 340 asparagis
1763 278 2071 326 habitantium
2119 296 2301 342 genera-

239 347 367 393 tione
386 381 398 400 ,
436 347 490 392 de
523 347 710 408 dactylis
745 348 867 394 intra
896 344 1000 392 saxa
1022 346 1346 393 habitantibus.
1415 345 1486 389 De
1511 344 1803 403 generatione
1829 343 2030 390 murium
2063 361 2118 390 ex
2151 358 2302 404 putre-

241 409 361 457 dine.
427 412 614 458 Monita
637 423 800 459 'contra
827 413 943 456 mala
971 410 1279 470 experimenta
1304 405 1591 454 defensorum
1616 407 1922 468 generationis
1954 408 2216 468 aequivocae.

368 493 442 554 EJ.
482 497 640 541 Nuove
666 492 895 555 esperienze
911 493 1012 552 sulli
1030 492 1225 552 s-riluppi
1259 490 1423 536 Venet.
1452 501 1587 547 1713.
1606 491 1684 547 4*
1751 489 1905 535 Nolui
1926 505 1951 535 a
1973 489 2162 550 dialogis
2183 488 2304 549 sepa—

238 573 351 603 rare.
425 558 586 617 Agitur
611 557 665 604 de
685 555 850 603 muscae
877 555 1074 602 rofiseczf„
1108 555 1294 600 historia
1330 554 1540 600 naturali.
1612 554 1681 598 De
1724 554 2015 614 generatione
2045 554 2305 599 ‘nonnullo-

236 636 339 681 rum
361 619 666 675 insectorum,
703 637 837 680 quam
867 622 1033 666 REDUS
1067 620 1228 664 animae
1253 618 1494 678 vegetabili
1524 616 1786 670 tribuebat„
1826 616 1975 663 noster
2007 617 2062 662 ad
2098 633 2184 662 ova
2212 633 2303 684 rna-

237 696 368 732 terna
396 698 592 732 revocat.
651 687 798 732 Novae
822 681 1095 729 insectorum
1125 680 1286 728 claffes.
1334 682 1510 726 Pulices
1531 695 1587 725 ex
1607 683 1706 726 ovis
1734 679 1867 727 nasci.
1912 681 1958 726 V
1962 697 2106 727 ermes
2119 679 2303 728 finuum

237 747 530 796 mucosorum
554 747 923 810 quadrupedum:
984 744 1137 791 Oestri
1171 744 1334 789 bubuli
1362 743 1572 795 historia,
1619 747 1862 792 vermium,
1896 747 1938 791 ὃς
1970 745 2167 804 denique
2192 745 2304 791 stru-

238 811 531 859 thiocameli02
571 811 847 874 potiffimum
876 809 1012 854 etiam
1047 809 1412 853 ventriculorum
1438 819 1677 860 anatome,
1717 808 1904 868 ejusque
1940 808 2167 868 glandulae
2195 826 2305 855 con-

237 875 393 937 pofitae
415 896 428 929 3
466 877 571 923 bilis
595 878 644 922 in
668 875 975 921 ventriculum
1001 871 1210 917 refluens.
1280 871 1468 917 Ferrum
1501 887 1524 915 a
1546 868 1678 915 succo
1704 873 1949 918 ventriculi
1982 886 2113 932 putat
2142 871 2305 919 consu-

236 941 334 988 mi:
369 942 545 1001 reliqua
572 952 806 986 anatome:
845 939 886 983 &
913 934 1093 995 spitales
1119 934 1428 996 appendiculae
1454 954 1467 986 3
1505 934 1602 993 ejus
1622 936 1829 981 animalis
1855 933 2017 994 asperae
2038 939 2210 982 arteriae
2227 954 2304 997 per

239 1020 398 1050 omnes
426 1005 627 1064 corporis
652 998 798 1063 partes
826 1000 1090 1047 distributae.
1160 998 1462 1046 Cantharides
1485 999 1701 1045 liliorum.
1771 996 1933 1046 Musca
1958 1015 2059 1059 quae
2087 1016 2227 1046 ovum
2254 1001 2305 1046 in

236 1066 423 1115 dorsum
450 1068 589 1114 boum
616 1066 818 1127 deponit.

375 1149 714 1208 Confiderazioni
743 1147 796 1194 ed
824 1147 1056 1209 esperienze
1085 1151 1257 1193 intorno
1286 1146 1333 1191 al
1352 1144 1529 1192 creduto
1557 1145 1738 1193 cervello
1771 1144 1817 1191 di
1840 1144 1946 1192 bove
1973 1148 2194 1207 impeti-ito
2226 1145 2307 1191 Pa-

240 1212 359 1259 dova
381 1227 502 1271 1700
536 1213 617 1272 4*
685 1213 795 1259 Non
820 1210 948 1258 fuiffe
970 1212 1205 1258 cerebrum
1232 1211 1282 1256 in
1304 1209 1466 1256 osseam
1494 1223 1706 1257 naturam
1739 1221 1997 1263 mutatum,
2034 1209 2159 1270 quod
2189 1210 2309 1257 Pari-

239 1274 312 1325 fiis
335 1278 604 1325 credebatur
622 1311 635 1331 ,
669 1275 746 1323 sed
779 1273 1018 1322 exostosin.

370 1360 707 1419 Confiderazioni
736 1358 790 1405 ed
820 1358 1052 1420 esperienze
1089 1362 1263 1404 intorno
1307 1357 1391 1403 alla
1422 1361 1708 1418 genev-azioni?
1742 1356 1793 1402 de
1825 1360 1966 1402 vermi
1990 1354 2205 1403 ordinarii
2239 1354 2311 1402 del

236 1439 361 1488 corpo
384 1441 539 1472 umano
576 1423 757 1471 Padova
780 1437 915 1481 1710.
940 1427 1016 1481 4*
1084 1422 1277 1468 Vermes
1310 1423 1352 1467 ἃ
1385 1433 1549 1467 teretes
1579 1424 1621 1467 ἃ
1648 1422 1806 1468 taenias
1844 1419 2058 1467 describit
2094 1437 2197 1467 cum
2229 1419 2309 1466 ha-

236 1504 339 1534 rum
362 1486 488 1535 vafis.
556 1487 670 1536 Fufe
701 1501 862 1534 contra
888 1488 1171 1534 ANDRYUM.
1241 1486 1432 1532 Vermee
1468 1484 1696 1532 humanos
1738 1484 1819 1531 effe
1855 1485 2138 1546 congenitos.
2205 1486 2308 1531 Tae-

236 1552 325 1598 niae
348 1564 485 1612 caput
513 1553 703 1599 unicum
728 1586 741 1605 ,
778 1568 890 1598 anos
914 1563 986 1598 tot
1003 1563 1117 1610 quot
1135 1548 1243 1596 sunt
1265 1549 1473 1601 articuli3
1509 1553 1710 1596 canalem
1734 1549 1958 1596 cibarium
1985 1551 2174 1596 unicum
2200 1564 2307 1595 cum

236 1614 349 1663 vasis
378 1617 529 1663 lacteis
550 1651 562 1670 ‚
601 1617 783 1663 demum
813 1632 913 1662 ova.
982 1615 1101 1662 Fieri
1126 1631 1182 1660 ex
1215 1614 1514 1660 cucurbitinis
1548 1612 1592 1660 se
1627 1613 2124 1675 conprehendentibus.
2192 1614 2308 1659 Ver-

234 1695 353 1726 mem
385 1682 530 1727 latum
560 1693 697 1741 caput
726 1682 959 1741 proprium
988 1695 1084 1725 non
1105 1677 1284 1725 habere.
1353 1678 1505 1725 Etiam
1533 1695 1588 1725 ex
1614 1695 1704 1726 ovo
1727 1677 1863 1726 nasci.
1930 1679 2082 1726 Multa
2099 1678 2307 1739 degene-

231 1744 408 1791 ratione
432 1747 769 1792 nonnullorum
796 1745 1062 1790 animalium
1086 1740 1353 1789 obscuriori.
2209 1768 2259 1815 ο

314 1848 316 1852 ·
364 1830 518 1875 Prima
543 1827 713 1875 radalta
745 1826 787 1873 d'
804 1824 1086 1888 offiwazioni
1109 1824 1164 1871 ed
1191 1823 1426 1885 asperienze
1455 1824 1534 1872 dal
1547 1824 1587 1885 s.
1615 1827 1669 1872 A.
1697 1823 1743 1871 V
1747 1839 1986 1873 ALISNERI
2017 1837 2176 1873 cavata
2217 1823 2309 1872 Ve-

233 1904 332 1938 nez.
358 1904 496 1951 1710.
533 1899 576 1947 8.
646 1889 825 1938 Vitiosa
857 1890 999 1937 editio
1026 1892 1068 1935 &
1094 1888 1325 1936 rariffima.

365 1979 421 2022 N
420 1991 526 2022 nove
553 1972 836 2037 ‹ffirvazioni
862 1973 917 2019 ed
935 1973 1176 2033 ejsjverienze
1204 1976 1377 2018 intorno
1404 1972 1489 2018 alla
1503 1973 1641 2032 storia
1665 1970 1828 2019 medica
1845 1990 1866 2018 e
1888 1971 2090 2018 naturale
2124 1971 2304 2017 Padova

240 2049 376 2095 1713.
397 2051 442 2097 4.
512 2041 684 2086 Iterum
710 2038 764 2084 de
785 2038 1021 2084 lumbricis
1041 2038 1320 2083 animalium.
1389 2037 1432 2082 N
1440 2053 1501 2082 on
1526 2034 1646 2082 nasci
1663 2053 1718 2082 ex
1735 2039 2028 2098 generatione
2051 2035 2301 2095 aequivoca,

235 2099 309 2148 sed
335 2101 500 2149 habere
525 2101 605 2150 sua
627 2103 783 2149 ovaria
803 2104 844 2148 δε
873 2099 951 2148 sua
973 2118 1072 2147 ova.
1139 2102 1276 2147 Fetus
1303 2099 1488 2147 cerebro
1517 2102 1557 2146 &
1585 2101 1709 2160 galea
1724 2101 1866 2147 cranii
1885 2099 2140 2146 destitutus.
2196 2100 2304 2145 Mu-

238 2166 625 2227 miaetdescriptio.
694 2168 782 2214 Pro
825 2166 1114 2220 evolutione,
1151 2179 1311 2228 contra
1346 2165 1690 2226 generationem
1726 2164 2023 2226 aequivocam.
2090 2162 2305 2210 Plurimae

237 2240 453 2277 caeterurn
486 2231 647 2279 breves
669 2230 884 2292 epistolae.

370 2315 539 2360 Nuova
557 2320 713 2376 giunta
739 2312 1080 2377 d‘rffirvazioni
1105 2332 1126 2360 e
1149 2312 1197 2360 di
1222 2312 1455 2376 esperimze
1483 2317 1656 2360 intorno
1689 2313 1774 2359 alla
1788 2313 1927 2374 storia
1948 2309 2109 2357 medica
2131 2327 2155 2356 e
2174 2319 2304 2356 natu-

237 2376 360 2431 rale,
395 2376 551 2424 recusa
570 2380 618 2425 in
642 2396 829 2440 operum
855 2381 908 2426 T.
926 2381 958 2426 Ι-
984 2381 1052 2425 ed.
1080 2390 1213 2436 1733.
1241 2378 1352 2425 folss‘
1419 2380 1573 2426 Multa
1599 2377 1674 2424 hic
1693 2378 1884 2423 aliarum
1898 2374 2006 2423 sunt
2028 2374 2302 2421 editionum.

236 2441 310 2487 De
340 2439 494 2488 morsu
523 2442 685 2501 viperae
703 2479 717 2497 ‚
759 2445 834 2490 cui
862 2460 992 2490 canes
1022 2443 1177 2490 oblati.
1249 2444 1426 2489 Contra
1453 2444 1793 2504 generationem
1823 2442 2121 2501 aequivocam.
2189 2438 2304 2484 Non

240 2503 638 2565 deglutitas‘fuiffe
666 2524 774 2554 acus
803 2509 1016 2562 crinales,
1054 2508 1172 2554 circa
1193 2524 1305 2568 quas
1331 2508 1494 2554 calculi
1524 2508 1572 2553 in
1616 2505 1759 2554 vesica
1784 2504 1969 2552 subn-ati
1997 2502 2118 2550 sunt.
2187 2503 2306 2548 Om-

236 2569 353 2615 nino
380 2571 602 2628 anguillas
634 2587 721 2617 ova
760 2571 936 2619 habere.
1006 2574 1075 2618 De
1115 2573 1216 2619 ovis
1252 2571 1598 2618 chancaeleonis.
1668 2572 1740 2618 De
1786 2585 1981 2616 ovorum
2018 2567 2106 2614 viis
2140 2565 2301 2613 aereis.
2337 2623 2340 2627 ι

235 2632 308 2677 De
336 2631 604 2692 aphidffius,
636 2637 686 2680 in
710 2652 820 2695 quas
849 2637 934 2682 alia
960 2635 1127 2683 insecta
1161 2653 1247 2682 ova
1282 2635 1361 2683 sua
1392 2636 1648 2695 deponunt.
1715 2633 1922 2694 Monstra
1952 2634 2136 2692 aliqua3
2171 2628 2302 2690 digiti

234 2693 489 2757 superflui:
529 2715 633 2760 pars
660 2716 787 2760 gente
807 2698 908 2746 setis
939 2701 1137 2760 porcinis
1163 2698 1382 2762 adspersa.
1450 2697 1804 2761 Palingeneliarn
1831 2697 1923 2744 fere
1954 2696 2168 2743 admittit.

368 2782 522 2841 Istoria
554 2779 625 2828 del
636 2776 902 2829 ¹Cameleonte
922 2782 1132 2842 Africano
1156 2801 1177 2829 e
1201 2783 1249 2829 di
1276 2787 1399 2830 varii
1428 2784 1611 2831 animali
1630 2783 1681 2828 (Γ
1697 2781 1830 2830 Ιτιιίῖιι
1863 2782 1908 2826 V
1912 2793 2035 2825 enez.
2060 2789 2139 2833 ¹7¹
2156 2788 2195 2833 5·
2218 2772 2302 2833 4*

232 2842 472 2904 Degranis
494 2846 544 2891 in
570 2859 674 2892 cute
701 2845 839 2907 hujus
861 2846 1099 2892 animalis:
1137 2849 1250 2893 varii
1268 2849 1515 2895 Gallorum
1531 2863 1717 2893 errores.
1788 2845 2064 2891 Varietatem
2093 2843 2302 2886 colorum

234 2904 316 2952 effe
342 2923 367 2953 a
390 2909 521 2968 plicis
545 2911 585 2955 &
613 2912 739 2972 rugis
761 2912 1014 2956 innumeris
1041 2911 1091 2955 in
1124 2924 1226 2957 cute
1256 2912 1553 2958 mutabilibus
1569 2945 1581 2964 ,
1618 2910 1781 2956 deinde
1809 2905 2112 2967 aturgiditate
2131 2903 2303 2963 majori

232 2970 279 3041 St
290 2971 459 3018 minori
472 2975 747 3033 pulmonum
763 2992 775 3019 ε
810 2972 987 3020 causam
1001 2975 1296 3021 remotiorem
1309 2992 1418 3022 vero
1434 2976 1485 3021 in
1496 2974 1731 3036 spiritibus
1745 2989 1769 3018 a
1781 2972 1916 3018 variis
1933 2969 2075 3016 animi
2088 2966 2299 3016 adfectio-

231 3033 372 3084 nibus
398 3040 600 3087 mutatis.
670 3039 843 3102 Utique
865 3036 954 3088 hoc
980 3038 1148 3088 animal
1173 3038 1331 3099 edere,
1366 3041 1503 3088 etiam
1526 3038 1698 3092 bibere,
1737 3038 1924 3099 egregiae
1958 3050 2066 3083 vero
2093 3033 2303 3144 jejunffire

2148 3113 2207 3159 po
2245 3111 2297 3150 e,
