<?xml version="1.0" encoding="UTF-8"?>
<!DOCTYPE html PUBLIC "-//W3C//DTD XHTML 1.0 Transitional//EN"
    "http://www.w3.org/TR/xhtml1/DTD/xhtml1-transitional.dtd">
<html xmlns="http://www.w3.org/1999/xhtml" xml:lang="en" lang="en">
 <head>
  <title>
</title>
<meta http-equiv="Content-Type" content="text/html;charset=utf-8" />
  <meta name='ocr-system' content='tesseract 3.04.00' />
  <meta name='ocr-capabilities' content='ocr_page ocr_carea ocr_par ocr_line ocrx_word'/>
</head>
<body>
  <div class='ocr_page' id='page_1' title='image "bibliothecaanato01hall_0779.png"; bbox 0 0 2556 3442; ppageno 0'>
   <div class='ocr_carea' id='block_1_1' title="bbox 685 119 2317 204">
    <p class='ocr_par' dir='ltr' id='par_1_1' title="bbox 685 119 2317 204">
     <span class='ocr_line' id='line_1_1' title="bbox 685 119 2317 204; baseline 0.005 -24"><span class='ocrx_word' id='word_1_1' title='bbox 685 135 725 187; x_wconf 75' lang='grc'>5.</span> <span class='ocrx_word' id='word_1_2' title='bbox 755 136 865 192; x_wconf 84' lang='lat'><em>716.</em></span> <span class='ocrx_word' id='word_1_3' title='bbox 896 141 1007 191; x_wconf 80' lang='lat'>717.</span> <span class='ocrx_word' id='word_1_4' title='bbox 1073 119 1452 181; x_wconf 69' lang='lat' dir='ltr'>POUPART.</span> <span class='ocrx_word' id='word_1_5' title='bbox 1521 134 1761 186; x_wconf 88' lang='lat' dir='ltr'><strong>VARII.</strong></span> <span class='ocrx_word' id='word_1_6' title='bbox 2161 132 2255 204; x_wconf 70' lang='lat'>765</span> <span class='ocrx_word' id='word_1_7' title='bbox 2316 128 2317 131; x_wconf 58' lang='grc'>’</span> 
     </span>
    </p>
   </div>
   <div class='ocr_carea' id='block_1_2' title="bbox 321 257 1900 326">
    <p class='ocr_par' dir='ltr' id='par_1_2' title="bbox 321 257 1900 326">
     <span class='ocr_line' id='line_1_2' title="bbox 321 257 1900 326; baseline 0.003 -18"><span class='ocrx_word' id='word_1_8' title='bbox 321 265 368 317; x_wconf 85' lang='lat' dir='ltr'>J.</span> <span class='ocrx_word' id='word_1_9' title='bbox 391 264 530 310; x_wconf 82' lang='lat' dir='ltr'>Henr.</span> <span class='ocrx_word' id='word_1_10' title='bbox 551 260 735 309; x_wconf 75' lang='lat' dir='ltr'>MEYER</span> <span class='ocrx_word' id='word_1_11' title='bbox 766 259 817 307; x_wconf 81' lang='lat' dir='ltr'>de</span> <span class='ocrx_word' id='word_1_12' title='bbox 836 259 955 320; x_wconf 79' lang='lat' dir='ltr'>serto</span> <span class='ocrx_word' id='word_1_13' title='bbox 976 258 1198 324; x_wconf 80' lang='lat' dir='ltr'>virginum</span> <span class='ocrx_word' id='word_1_14' title='bbox 1233 257 1392 321; x_wconf 83' lang='lat' dir='ltr'>Lipfiae</span> <span class='ocrx_word' id='word_1_15' title='bbox 1421 264 1552 318; x_wconf 85' lang='lat'>1693.</span> <span class='ocrx_word' id='word_1_16' title='bbox 1571 277 1616 323; x_wconf 87' lang='lat'>4.</span> <span class='ocrx_word' id='word_1_17' title='bbox 1660 278 1794 325; x_wconf 83' lang='lat'>1713.</span> <span class='ocrx_word' id='word_1_18' title='bbox 1818 261 1900 326; x_wconf 61' lang='lat'>4*</span> 
     </span>
    </p>
   </div>
   <div class='ocr_carea' id='block_1_3' title="bbox 199 342 2249 466">
    <p class='ocr_par' dir='ltr' id='par_1_3' title="bbox 199 342 2249 466">
     <span class='ocr_line' id='line_1_3' title="bbox 227 342 2249 454; baseline 0.005 -63"><span class='ocrx_word' id='word_1_19' title='bbox 227 412 258 454; x_wconf 69' lang='lat'>6</span> <span class='ocrx_word' id='word_1_20' title='bbox 325 347 464 408; x_wconf 77' lang='lat' dir='ltr'>Georg</span> <span class='ocrx_word' id='word_1_21' title='bbox 487 342 680 392; x_wconf 81' lang='lat' dir='ltr'>Henrich</span> <span class='ocrx_word' id='word_1_22' title='bbox 706 344 987 403; x_wconf 64' lang='lat' dir='ltr'>HAEBERLm</span> <span class='ocrx_word' id='word_1_23' title='bbox 1013 343 1065 390; x_wconf 83' lang='lat' dir='ltr'>de</span> <span class='ocrx_word' id='word_1_24' title='bbox 1082 346 1358 406; x_wconf 82' lang='lat' dir='ltr'><em>generatione</em></span> <span class='ocrx_word' id='word_1_25' title='bbox 1377 342 1634 406; x_wconf 77' lang='lat' dir='ltr'>plantarum</span> <span class='ocrx_word' id='word_1_26' title='bbox 1660 346 1720 404; x_wconf 78' lang='lat'><em>&amp;</em></span> <span class='ocrx_word' id='word_1_27' title='bbox 1742 348 1993 398; x_wconf 76' lang='lat' dir='ltr'>animah&#39;um</span> <span class='ocrx_word' id='word_1_28' title='bbox 2022 350 2249 417; x_wconf 78' lang='lat' dir='ltr'>Tubingae</span> 
     </span>
     <span class='ocr_line' id='line_1_4' title="bbox 199 420 429 466; baseline 0.009 -12"><span class='ocrx_word' id='word_1_29' title='bbox 199 420 220 454; x_wconf 86' lang='lat'>1</span> <span class='ocrx_word' id='word_1_30' title='bbox 258 420 334 466; x_wconf 84' lang='lat'>93.</span> <span class='ocrx_word' id='word_1_31' title='bbox 360 420 429 457; x_wconf 84' lang='lat'>12.</span> 
     </span>
    </p>
   </div>
   <div class='ocr_carea' id='block_1_4' title="bbox 322 481 2249 713">
    <p class='ocr_par' dir='ltr' id='par_1_4' title="bbox 322 481 2249 713">
     <span class='ocr_line' id='line_1_5' title="bbox 322 481 1932 553; baseline -0.001 -15"><span class='ocrx_word' id='word_1_32' title='bbox 322 496 368 546; x_wconf 88' lang='lat' dir='ltr'>J.</span> <span class='ocrx_word' id='word_1_33' title='bbox 395 494 578 542; x_wconf 68' lang='lat' dir='ltr'>Henric.</span> <span class='ocrx_word' id='word_1_34' title='bbox 602 481 872 538; x_wconf 67' lang='lat' dir='ltr'>STAEHEL&#39;IN</span> <span class='ocrx_word' id='word_1_35' title='bbox 898 486 950 532; x_wconf 84' lang='lat' dir='ltr'>de</span> <span class='ocrx_word' id='word_1_36' title='bbox 977 485 1119 545; x_wconf 77' lang='lat' dir='ltr'>offihus</span> <span class='ocrx_word' id='word_1_37' title='bbox 1149 485 1209 543; x_wconf 59' lang='grc' dir='ltr'>ἓξ</span> <span class='ocrx_word' id='word_1_38' title='bbox 1232 500 1379 535; x_wconf 82' lang='lat' dir='ltr'>eorum</span> <span class='ocrx_word' id='word_1_39' title='bbox 1400 486 1553 534; x_wconf 50' lang='lat' dir='ltr'>morbn</span> <span class='ocrx_word' id='word_1_40' title='bbox 1584 486 1709 535; x_wconf 77' lang='lat' dir='ltr'>Bam.</span> <span class='ocrx_word' id='word_1_41' title='bbox 1734 498 1867 549; x_wconf 78' lang='lat'><em>1693.</em></span> <span class='ocrx_word' id='word_1_42' title='bbox 1888 506 1932 553; x_wconf 82' lang='lat'>4,</span> 
     </span>
     <span class='ocr_line' id='line_1_6' title="bbox 325 566 2249 639; baseline 0.005 -21"><span class='ocrx_word' id='word_1_43' title='bbox 325 576 518 627; x_wconf 72' lang='lat' dir='ltr'>Jeremiae</span> <span class='ocrx_word' id='word_1_44' title='bbox 544 573 787 617; x_wconf 72' lang='lat' dir='ltr'>ARNOLDI</span> <span class='ocrx_word' id='word_1_45' title='bbox 812 567 865 614; x_wconf 83' lang='lat' dir='ltr'>de</span> <span class='ocrx_word' id='word_1_46' title='bbox 888 580 1008 615; x_wconf 85' lang='lat' dir='ltr'>motu</span> <span class='ocrx_word' id='word_1_47' title='bbox 1034 566 1216 616; x_wconf 76' lang='lat' dir='ltr'><em>thoracis</em></span> <span class='ocrx_word' id='word_1_48' title='bbox 1237 586 1332 616; x_wconf 78' lang='lat' dir='ltr'>cum</span> <span class='ocrx_word' id='word_1_49' title='bbox 1351 568 1678 632; x_wconf 78' lang='lat' dir='ltr'>diaphragmate</span> <span class='ocrx_word' id='word_1_50' title='bbox 1691 576 1825 619; x_wconf 81' lang='lat' dir='ltr'>mixto</span> <span class='ocrx_word' id='word_1_51' title='bbox 1855 575 2030 624; x_wconf 83' lang='lat' dir='ltr'>Erford.</span> <span class='ocrx_word' id='word_1_52' title='bbox 2050 583 2183 636; x_wconf 82' lang='lat'>1693.</span> <span class='ocrx_word' id='word_1_53' title='bbox 2201 591 2249 639; x_wconf 71' lang='grc'>4.</span> 
     </span>
     <span class='ocr_line' id='line_1_7' title="bbox 326 649 2003 713; baseline 0.001 -12"><span class='ocrx_word' id='word_1_54' title='bbox 326 650 553 713; x_wconf 75' lang='lat' dir='ltr'>christoph.</span> <span class='ocrx_word' id='word_1_55' title='bbox 581 652 727 697; x_wconf 62' lang='grc' dir='ltr'>[ΑΜΕ</span> <span class='ocrx_word' id='word_1_56' title='bbox 758 649 810 696; x_wconf 83' lang='lat' dir='ltr'>de</span> <span class='ocrx_word' id='word_1_57' title='bbox 838 655 1064 705; x_wconf 80' lang='lat' dir='ltr'>memoria,</span> <span class='ocrx_word' id='word_1_58' title='bbox 1101 650 1226 712; x_wconf 79' lang='lat' dir='ltr'>praes.</span> <span class='ocrx_word' id='word_1_59' title='bbox 1252 653 1308 699; x_wconf 79' lang='lat' dir='ltr'>C.</span> <span class='ocrx_word' id='word_1_60' title='bbox 1335 653 1667 700; x_wconf 72' lang='lat' dir='ltr'>BARTHOLIN.</span> <span class='ocrx_word' id='word_1_61' title='bbox 1707 651 1848 700; x_wconf 87' lang='lat' dir='ltr'>Hafn.</span> <span class='ocrx_word' id='word_1_62' title='bbox 1874 663 2003 713; x_wconf 84' lang='lat'>1693.</span> 
     </span>
    </p>
   </div>
   <div class='ocr_carea' id='block_1_5' title="bbox 197 732 2254 854">
    <p class='ocr_par' dir='ltr' id='par_1_5' title="bbox 197 732 2254 854">
     <span class='ocr_line' id='line_1_8' title="bbox 328 732 2254 845; baseline 0.005 -64"><span class='ocrx_word' id='word_1_63' title='bbox 328 734 501 845; x_wconf 50' lang='lat' dir='ltr'>Claukc&#39;lii</span> <span class='ocrx_word' id='word_1_64' title='bbox 523 734 729 843; x_wconf 41' lang='lat' dir='ltr'>{URLET</span> <span class='ocrx_word' id='word_1_65' title='bbox 753 735 795 781; x_wconf 68' lang='grc' dir='ltr'>ἃ</span> <span class='ocrx_word' id='word_1_66' title='bbox 819 737 867 790; x_wconf 89' lang='lat' dir='ltr'>J.</span> <span class='ocrx_word' id='word_1_67' title='bbox 883 734 1059 782; x_wconf 71' lang='lat' dir='ltr'>GELLY</span> <span class='ocrx_word' id='word_1_68' title='bbox 1099 737 1148 783; x_wconf 90' lang='lat' dir='ltr'>E.</span> <span class='ocrx_word' id='word_1_69' title='bbox 1174 735 1387 783; x_wconf 69' lang='lat' dir='ltr'>interioris</span> <span class='ocrx_word' id='word_1_70' title='bbox 1411 735 1596 797; x_wconf 74' lang='lat' dir='ltr'>corporis</span> <span class='ocrx_word' id='word_1_71' title='bbox 1620 732 1795 784; x_wconf 84' lang='lat' dir='ltr'>humani</span> <span class='ocrx_word' id='word_1_72' title='bbox 1825 737 1960 802; x_wconf 44' lang='lat' dir='ltr'>infida</span> <span class='ocrx_word' id='word_1_73' title='bbox 1993 744 2171 801; x_wconf 81' lang='lat' dir='ltr'><strong><em>cognitio</em></strong></span> <span class='ocrx_word' id='word_1_74' title='bbox 2198 756 2254 790; x_wconf 71' lang='lat' dir='ltr'>eae</span> 
     </span>
     <span class='ocr_line' id='line_1_9' title="bbox 197 797 730 854; baseline -0.002 -8"><span class='ocrx_word' id='word_1_75' title='bbox 197 810 394 847; x_wconf 77' lang='lat' dir='ltr'><em>anatome</em></span> <span class='ocrx_word' id='word_1_76' title='bbox 461 797 526 844; x_wconf 77' lang='lat' dir='ltr'>ari</span> <span class='ocrx_word' id='word_1_77' title='bbox 550 833 560 843; x_wconf 87' lang='lat'><em>.</em></span> <span class='ocrx_word' id='word_1_78' title='bbox 595 802 730 854; x_wconf 78' lang='lat'>1693.</span> 
     </span>
    </p>
   </div>
   <div class='ocr_carea' id='block_1_6' title="bbox 687 925 1753 987">
    <p class='ocr_par' dir='ltr' id='par_1_6' title="bbox 687 925 1753 987">
     <span class='ocr_line' id='line_1_10' title="bbox 687 925 1753 987; baseline 0.004 -14"><span class='ocrx_word' id='word_1_79' title='bbox 687 925 731 983; x_wconf 70' lang='lat'>§-</span> <span class='ocrx_word' id='word_1_80' title='bbox 768 927 812 974; x_wconf 92' lang='lat' dir='ltr'>D</span> <span class='ocrx_word' id='word_1_81' title='bbox 826 927 864 974; x_wconf 90' lang='lat' dir='ltr'>C</span> <span class='ocrx_word' id='word_1_82' title='bbox 879 927 917 973; x_wconf 90' lang='lat' dir='ltr'>C</span> <span class='ocrx_word' id='word_1_83' title='bbox 931 927 980 974; x_wconf 94' lang='lat' dir='ltr'>X</span> <span class='ocrx_word' id='word_1_84' title='bbox 993 927 1119 975; x_wconf 89' lang='lat' dir='ltr'><strong>VII.</strong></span> <span class='ocrx_word' id='word_1_85' title='bbox 1222 927 1462 987; x_wconf 65' lang='lat' dir='ltr'>Franczscus</span> <span class='ocrx_word' id='word_1_86' title='bbox 1492 929 1753 978; x_wconf 75' lang='lat' dir='ltr'>POUPART.</span> 
     </span>
    </p>
   </div>
   <div class='ocr_carea' id='block_1_7' title="bbox 199 1022 2259 1150">
    <p class='ocr_par' dir='ltr' id='par_1_7' title="bbox 199 1022 2259 1150">
     <span class='ocr_line' id='line_1_11' title="bbox 324 1022 2259 1090; baseline 0.003 -18"><span class='ocrx_word' id='word_1_87' title='bbox 324 1024 516 1072; x_wconf 78' lang='lat' dir='ltr'>Locusta</span> <span class='ocrx_word' id='word_1_88' title='bbox 540 1024 734 1084; x_wconf 82' lang='lat' dir='ltr'>pulicem</span> <span class='ocrx_word' id='word_1_89' title='bbox 765 1022 974 1070; x_wconf 84' lang='lat' dir='ltr'><strong>describit</strong></span> <span class='ocrx_word' id='word_1_90' title='bbox 999 1025 1050 1070; x_wconf 88' lang='lat' dir='ltr'>in</span> <span class='ocrx_word' id='word_1_91' title='bbox 1072 1026 1268 1078; x_wconf 69' lang='lat' dir='ltr'>Journal</span> <span class='ocrx_word' id='word_1_92' title='bbox 1289 1025 1361 1071; x_wconf 76' lang='lat' dir='ltr'>des</span> <span class='ocrx_word' id='word_1_93' title='bbox 1379 1028 1548 1073; x_wconf 80' lang='lat' dir='ltr'>Savans</span> <span class='ocrx_word' id='word_1_94' title='bbox 1580 1034 1714 1085; x_wconf 84' lang='lat'><em>1693.</em></span> <span class='ocrx_word' id='word_1_95' title='bbox 1737 1061 1749 1082; x_wconf 92' lang='lat'><strong>,</strong></span> <span class='ocrx_word' id='word_1_96' title='bbox 1778 1025 1903 1090; x_wconf 82' lang='lat' dir='ltr'>quod</span> <span class='ocrx_word' id='word_1_97' title='bbox 1922 1027 2090 1077; x_wconf 81' lang='lat' dir='ltr'>animal</span> <span class='ocrx_word' id='word_1_98' title='bbox 2109 1034 2259 1079; x_wconf 67' lang='lat' dir='ltr'>aerem</span> 
     </span>
     <span class='ocr_line' id='line_1_12' title="bbox 199 1088 1456 1150; baseline -0.001 -13"><span class='ocrx_word' id='word_1_99' title='bbox 199 1105 302 1137; x_wconf 87' lang='lat' dir='ltr'>cum</span> <span class='ocrx_word' id='word_1_100' title='bbox 328 1088 453 1136; x_wconf 74' lang='lat' dir='ltr'>sacco</span> <span class='ocrx_word' id='word_1_101' title='bbox 475 1088 723 1135; x_wconf 85' lang='lat' dir='ltr'>intestinali</span> <span class='ocrx_word' id='word_1_102' title='bbox 749 1088 963 1134; x_wconf 86' lang='lat' dir='ltr'>intritum</span> <span class='ocrx_word' id='word_1_103' title='bbox 987 1104 1064 1148; x_wconf 86' lang='lat' dir='ltr'>per</span> <span class='ocrx_word' id='word_1_104' title='bbox 1088 1105 1230 1135; x_wconf 89' lang='lat' dir='ltr'>anum</span> <span class='ocrx_word' id='word_1_105' title='bbox 1259 1091 1456 1150; x_wconf 80' lang='lat' dir='ltr'>expellit.</span> 
     </span>
    </p>
   </div>
   <div class='ocr_carea' id='block_1_8' title="bbox 320 1169 1827 1231">
    <p class='ocr_par' dir='ltr' id='par_1_8' title="bbox 320 1169 1827 1231">
     <span class='ocr_line' id='line_1_13' title="bbox 320 1169 1827 1231; baseline 0.003 -14"><span class='ocrx_word' id='word_1_106' title='bbox 320 1173 387 1218; x_wconf 94' lang='lat' dir='ltr'>Ib.</span> <span class='ocrx_word' id='word_1_107' title='bbox 423 1169 663 1231; x_wconf 84' lang='lat' dir='ltr'>descriptio</span> <span class='ocrx_word' id='word_1_108' title='bbox 690 1185 917 1222; x_wconf 84' lang='lat' dir='ltr'>cornuum</span> <span class='ocrx_word' id='word_1_109' title='bbox 945 1169 1117 1216; x_wconf 84' lang='lat' dir='ltr'><strong>limacis</strong></span> <span class='ocrx_word' id='word_1_110' title='bbox 1135 1205 1148 1223; x_wconf 91' lang='lat'><strong>,</strong></span> <span class='ocrx_word' id='word_1_111' title='bbox 1185 1187 1286 1231; x_wconf 84' lang='lat' dir='ltr'>quae</span> <span class='ocrx_word' id='word_1_112' title='bbox 1311 1169 1553 1218; x_wconf 85' lang='lat' dir='ltr'>humorem</span> <span class='ocrx_word' id='word_1_113' title='bbox 1572 1171 1827 1221; x_wconf 75' lang='lat' dir='ltr'>adtrahant.</span> 
     </span>
    </p>
   </div>
   <div class='ocr_carea' id='block_1_9' title="bbox 136 1250 2263 1379">
    <p class='ocr_par' dir='ltr' id='par_1_9' title="bbox 136 1250 2263 1379">
     <span class='ocr_line' id='line_1_14' title="bbox 136 1250 2263 1320; baseline 0.004 -22"><span class='ocrx_word' id='word_1_114' title='bbox 136 1304 141 1311; x_wconf 81' lang='lat'><em>.</em></span> <span class='ocrx_word' id='word_1_115' title='bbox 328 1254 385 1298; x_wconf 90' lang='lat' dir='ltr'>In</span> <span class='ocrx_word' id='word_1_116' title='bbox 409 1252 568 1298; x_wconf 86' lang='lat' dir='ltr'>eodem</span> <span class='ocrx_word' id='word_1_117' title='bbox 592 1252 749 1298; x_wconf 81' lang='lat' dir='ltr'>Diario</span> <span class='ocrx_word' id='word_1_118' title='bbox 774 1258 907 1310; x_wconf 86' lang='lat'>1694.</span> <span class='ocrx_word' id='word_1_119' title='bbox 937 1251 1029 1312; x_wconf 82' lang='lat' dir='ltr'>egit</span> <span class='ocrx_word' id='word_1_120' title='bbox 1054 1250 1110 1297; x_wconf 80' lang='lat' dir='ltr'>de</span> <span class='ocrx_word' id='word_1_121' title='bbox 1137 1266 1269 1300; x_wconf 91' lang='lat' dir='ltr'>motu</span> <span class='ocrx_word' id='word_1_122' title='bbox 1297 1251 1574 1315; x_wconf 83' lang='lat' dir='ltr'>progreffivo</span> <span class='ocrx_word' id='word_1_123' title='bbox 1600 1255 1769 1304; x_wconf 83' lang='lat' dir='ltr'><strong>limacis</strong></span> <span class='ocrx_word' id='word_1_124' title='bbox 1796 1257 2008 1318; x_wconf 82' lang='lat' dir='ltr'>aquatici,</span> <span class='ocrx_word' id='word_1_125' title='bbox 2038 1254 2263 1320; x_wconf 48' lang='lat' dir='ltr'>ejusdem}</span> 
     </span>
     <span class='ocr_line' id='line_1_15' title="bbox 198 1315 1807 1379; baseline 0.002 -16"><span class='ocrx_word' id='word_1_126' title='bbox 198 1332 287 1379; x_wconf 81' lang='lat' dir='ltr'>que</span> <span class='ocrx_word' id='word_1_127' title='bbox 312 1329 471 1363; x_wconf 82' lang='lat' dir='ltr'>natatu</span> <span class='ocrx_word' id='word_1_128' title='bbox 487 1350 499 1370; x_wconf 89' lang='lat'>,</span> <span class='ocrx_word' id='word_1_129' title='bbox 535 1315 772 1376; x_wconf 84' lang='lat' dir='ltr'>postquam</span> <span class='ocrx_word' id='word_1_130' title='bbox 802 1323 948 1362; x_wconf 78' lang='lat' dir='ltr'>aerem</span> <span class='ocrx_word' id='word_1_131' title='bbox 971 1317 1166 1376; x_wconf 82' lang='lat' dir='ltr'>recepit,</span> <span class='ocrx_word' id='word_1_132' title='bbox 1200 1318 1242 1364; x_wconf 70' lang='grc' dir='ltr'>ἃ</span> <span class='ocrx_word' id='word_1_133' title='bbox 1267 1318 1463 1364; x_wconf 76' lang='lat' dir='ltr'>valvulae</span> <span class='ocrx_word' id='word_1_134' title='bbox 1491 1334 1577 1378; x_wconf 85' lang='lat' dir='ltr'>ope</span> <span class='ocrx_word' id='word_1_135' title='bbox 1599 1320 1807 1368; x_wconf 83' lang='lat' dir='ltr'>retinuit.</span> 
     </span>
    </p>
   </div>
   <div class='ocr_carea' id='block_1_10' title="bbox 321 1397 2164 1540">
    <p class='ocr_par' dir='ltr' id='par_1_10' title="bbox 321 1397 2164 1540">
     <span class='ocr_line' id='line_1_16' title="bbox 331 1397 2164 1459; baseline 0.005 -14"><span class='ocrx_word' id='word_1_136' title='bbox 331 1399 407 1458; x_wconf 84' lang='lat' dir='ltr'>EJ.</span> <span class='ocrx_word' id='word_1_137' title='bbox 445 1398 505 1444; x_wconf 84' lang='lat' dir='ltr'>ib.</span> <span class='ocrx_word' id='word_1_138' title='bbox 533 1398 587 1443; x_wconf 85' lang='lat' dir='ltr'>de</span> <span class='ocrx_word' id='word_1_139' title='bbox 615 1398 787 1444; x_wconf 82' lang='lat' dir='ltr'>limacis</span> <span class='ocrx_word' id='word_1_140' title='bbox 812 1397 1016 1457; x_wconf 86' lang='lat' dir='ltr'>partibus</span> <span class='ocrx_word' id='word_1_141' title='bbox 1044 1398 1320 1459; x_wconf 78' lang='lat' dir='ltr'>genitalibus</span> <span class='ocrx_word' id='word_1_142' title='bbox 1339 1433 1351 1452; x_wconf 85' lang='lat'>‚</span> <span class='ocrx_word' id='word_1_143' title='bbox 1384 1411 1545 1453; x_wconf 84' lang='lat' dir='ltr'>utero,</span> <span class='ocrx_word' id='word_1_144' title='bbox 1581 1399 1720 1456; x_wconf 81' lang='lat' dir='ltr'>testa,</span> <span class='ocrx_word' id='word_1_145' title='bbox 1752 1400 1980 1452; x_wconf 85' lang='lat' dir='ltr'>deferente</span> <span class='ocrx_word' id='word_1_146' title='bbox 2005 1403 2164 1455; x_wconf 66' lang='lat' dir='ltr'>ductu.</span> 
     </span>
     <span class='ocr_line' id='line_1_17' title="bbox 321 1477 1690 1540; baseline 0.002 -13"><span class='ocrx_word' id='word_1_147' title='bbox 321 1481 375 1527; x_wconf 88' lang='lat' dir='ltr'>A.</span> <span class='ocrx_word' id='word_1_148' title='bbox 398 1486 533 1538; x_wconf 82' lang='lat'>1695.</span> <span class='ocrx_word' id='word_1_149' title='bbox 567 1479 620 1525; x_wconf 87' lang='lat' dir='ltr'>de</span> <span class='ocrx_word' id='word_1_150' title='bbox 645 1480 762 1526; x_wconf 86' lang='lat' dir='ltr'>miro</span> <span class='ocrx_word' id='word_1_151' title='bbox 794 1481 836 1526; x_wconf 83' lang='lat'>&amp;</span> <span class='ocrx_word' id='word_1_152' title='bbox 858 1477 1128 1540; x_wconf 83' lang='lat' dir='ltr'>ampliffimo</span> <span class='ocrx_word' id='word_1_153' title='bbox 1156 1478 1272 1529; x_wconf 86' lang='lat' dir='ltr'>saltu</span> <span class='ocrx_word' id='word_1_154' title='bbox 1292 1481 1542 1529; x_wconf 68' lang='lat' dir='ltr'>vermiculi</span> <span class='ocrx_word' id='word_1_155' title='bbox 1556 1483 1690 1532; x_wconf 79' lang='lat' dir='ltr'>acati.</span> 
     </span>
    </p>
   </div>
   <div class='ocr_carea' id='block_1_11' title="bbox 198 1560 2267 1692">
    <p class='ocr_par' dir='ltr' id='par_1_11' title="bbox 198 1560 2267 1692">
     <span class='ocr_line' id='line_1_18' title="bbox 328 1560 2267 1625; baseline 0.006 -16"><span class='ocrx_word' id='word_1_156' title='bbox 328 1563 395 1609; x_wconf 90' lang='lat' dir='ltr'>Ib.</span> <span class='ocrx_word' id='word_1_157' title='bbox 425 1568 560 1618; x_wconf 87' lang='lat'>1696.</span> <span class='ocrx_word' id='word_1_158' title='bbox 610 1561 660 1607; x_wconf 89' lang='lat' dir='ltr'>in</span> <span class='ocrx_word' id='word_1_159' title='bbox 694 1560 1065 1621; x_wconf 82' lang='lat' dir='ltr'>hydrocantharo</span> <span class='ocrx_word' id='word_1_160' title='bbox 1102 1562 1319 1623; x_wconf 83' lang='lat' dir='ltr'>glandula</span> <span class='ocrx_word' id='word_1_161' title='bbox 1356 1564 1577 1625; x_wconf 84' lang='lat' dir='ltr'>utrinque</span> <span class='ocrx_word' id='word_1_162' title='bbox 1614 1563 1817 1615; x_wconf 75' lang='lat' dir='ltr'>adsidens</span> <span class='ocrx_word' id='word_1_163' title='bbox 1859 1567 2075 1617; x_wconf 84' lang='lat' dir='ltr'>intestino</span> <span class='ocrx_word' id='word_1_164' title='bbox 2121 1570 2267 1620; x_wconf 59' lang='lat' dir='ltr'>reaei&#39;oe,v</span> 
     </span>
     <span class='ocr_line' id='line_1_19' title="bbox 198 1624 2263 1692; baseline 0.004 -17"><span class='ocrx_word' id='word_1_165' title='bbox 198 1627 394 1676; x_wconf 85' lang='lat' dir='ltr'>Uterum</span> <span class='ocrx_word' id='word_1_166' title='bbox 412 1627 548 1673; x_wconf 85' lang='lat' dir='ltr'>etiam</span> <span class='ocrx_word' id='word_1_167' title='bbox 563 1628 604 1672; x_wconf 89' lang='lat'>&amp;</span> <span class='ocrx_word' id='word_1_168' title='bbox 619 1626 875 1672; x_wconf 86' lang='lat' dir='ltr'>clitoridem</span> <span class='ocrx_word' id='word_1_169' title='bbox 891 1624 935 1672; x_wconf 83' lang='lat' dir='ltr'>se</span> <span class='ocrx_word' id='word_1_170' title='bbox 948 1638 1080 1687; x_wconf 86' lang='lat' dir='ltr'>putat</span> <span class='ocrx_word' id='word_1_171' title='bbox 1094 1625 1263 1674; x_wconf 79' lang='lat' dir='ltr'>vidiffe.</span> <span class='ocrx_word' id='word_1_172' title='bbox 1300 1628 1628 1676; x_wconf 83' lang='lat' dir='ltr'>Ventriculum</span> <span class='ocrx_word' id='word_1_173' title='bbox 1640 1630 1828 1692; x_wconf 82' lang='lat' dir='ltr'>ejusque</span> <span class='ocrx_word' id='word_1_174' title='bbox 1840 1644 2017 1680; x_wconf 85' lang='lat' dir='ltr'>motum</span> <span class='ocrx_word' id='word_1_175' title='bbox 2033 1633 2263 1684; x_wconf 84' lang='lat' dir='ltr'>describit.</span> 
     </span>
    </p>
   </div>
   <div class='ocr_carea' id='block_1_12' title="bbox 199 1706 2266 1902">
    <p class='ocr_par' dir='ltr' id='par_1_12' title="bbox 199 1706 2266 1902">
     <span class='ocr_line' id='line_1_20' title="bbox 329 1706 2266 1772; baseline 0.008 -21"><span class='ocrx_word' id='word_1_176' title='bbox 329 1710 379 1756; x_wconf 83' lang='lat' dir='ltr'>A.</span> <span class='ocrx_word' id='word_1_177' title='bbox 412 1714 542 1767; x_wconf 83' lang='lat'>1697.</span> <span class='ocrx_word' id='word_1_178' title='bbox 584 1706 814 1754; x_wconf 87' lang='lat' dir='ltr'>hirudinis</span> <span class='ocrx_word' id='word_1_179' title='bbox 847 1720 1057 1754; x_wconf 84' lang='lat' dir='ltr'>anatome</span> <span class='ocrx_word' id='word_1_180' title='bbox 1077 1743 1090 1762; x_wconf 87' lang='lat'>,</span> <span class='ocrx_word' id='word_1_181' title='bbox 1138 1709 1330 1770; x_wconf 83' lang='lat' dir='ltr'>repetita</span> <span class='ocrx_word' id='word_1_182' title='bbox 1358 1710 1408 1756; x_wconf 88' lang='lat' dir='ltr'>in</span> <span class='ocrx_word' id='word_1_183' title='bbox 1431 1707 1541 1759; x_wconf 82' lang='lat' dir='ltr'>Phil.</span> <span class='ocrx_word' id='word_1_184' title='bbox 1572 1712 1726 1771; x_wconf 60' lang='lat' dir='ltr'>Trans:</span> <span class='ocrx_word' id='word_1_185' title='bbox 1755 1730 1800 1761; x_wconf 89' lang='lat' dir='ltr'>n.</span> <span class='ocrx_word' id='word_1_186' title='bbox 1818 1725 1926 1772; x_wconf 84' lang='lat'>233.</span> <span class='ocrx_word' id='word_1_187' title='bbox 1996 1717 2146 1764; x_wconf 86' lang='lat' dir='ltr'>Multa</span> <span class='ocrx_word' id='word_1_188' title='bbox 2167 1718 2266 1766; x_wconf 80' lang='lat' dir='ltr'>val-</span> 
     </span>
     <span class='ocr_line' id='line_1_21' title="bbox 200 1770 2266 1844; baseline 0.005 -24"><span class='ocrx_word' id='word_1_189' title='bbox 200 1773 255 1820; x_wconf 86' lang='lat' dir='ltr'>de</span> <span class='ocrx_word' id='word_1_190' title='bbox 282 1771 479 1820; x_wconf 84' lang='lat' dir='ltr'>subtilia.</span> <span class='ocrx_word' id='word_1_191' title='bbox 549 1772 754 1819; x_wconf 81' lang='lat' dir='ltr'>Medulla</span> <span class='ocrx_word' id='word_1_192' title='bbox 783 1770 993 1833; x_wconf 86' lang='lat' dir='ltr'>spinalis,</span> <span class='ocrx_word' id='word_1_193' title='bbox 1029 1789 1167 1833; x_wconf 88' lang='lat' dir='ltr'>quam</span> <span class='ocrx_word' id='word_1_194' title='bbox 1194 1790 1389 1821; x_wconf 87' lang='lat' dir='ltr'>nervum</span> <span class='ocrx_word' id='word_1_195' title='bbox 1406 1787 1575 1829; x_wconf 78' lang='lat' dir='ltr'>vocat5</span> <span class='ocrx_word' id='word_1_196' title='bbox 1608 1774 1741 1825; x_wconf 83' lang='lat' dir='ltr'>sexus</span> <span class='ocrx_word' id='word_1_197' title='bbox 1774 1780 2100 1842; x_wconf 82' lang='lat' dir='ltr'>a11drogynus;</span> <span class='ocrx_word' id='word_1_198' title='bbox 2134 1783 2266 1844; x_wconf 76' lang='lat' dir='ltr'>penis</span> 
     </span>
     <span class='ocr_line' id='line_1_22' title="bbox 199 1837 1860 1902; baseline 0.004 -18"><span class='ocrx_word' id='word_1_199' title='bbox 199 1839 350 1884; x_wconf 78' lang='lat' dir='ltr'>inanis</span> <span class='ocrx_word' id='word_1_200' title='bbox 366 1846 384 1891; x_wconf 77' lang='lat'>&#39;3</span> <span class='ocrx_word' id='word_1_201' title='bbox 421 1837 544 1884; x_wconf 78' lang='lat' dir='ltr'>testis</span> <span class='ocrx_word' id='word_1_202' title='bbox 559 1871 571 1890; x_wconf 87' lang='lat'>‚</span> <span class='ocrx_word' id='word_1_203' title='bbox 611 1838 765 1883; x_wconf 85' lang='lat' dir='ltr'>ovaria</span> <span class='ocrx_word' id='word_1_204' title='bbox 788 1855 802 1889; x_wconf 79' lang='lat'>3</span> <span class='ocrx_word' id='word_1_205' title='bbox 836 1837 1020 1883; x_wconf 83' lang='lat' dir='ltr'>valvula</span> <span class='ocrx_word' id='word_1_206' title='bbox 1044 1838 1095 1884; x_wconf 90' lang='lat' dir='ltr'>in</span> <span class='ocrx_word' id='word_1_207' title='bbox 1117 1837 1367 1892; x_wconf 84' lang='lat' dir='ltr'>intestino;</span> <span class='ocrx_word' id='word_1_208' title='bbox 1404 1837 1510 1886; x_wconf 82' lang='lat' dir='ltr'>vasa</span> <span class='ocrx_word' id='word_1_209' title='bbox 1532 1840 1713 1902; x_wconf 84' lang='lat' dir='ltr'>adiposa</span> <span class='ocrx_word' id='word_1_210' title='bbox 1733 1841 1860 1891; x_wconf 79' lang='lat' dir='ltr'>flava.</span> 
     </span>
    </p>
   </div>
   <div class='ocr_carea' id='block_1_13' title="bbox 200 1918 2268 2030">
    <p class='ocr_par' dir='ltr' id='par_1_13' title="bbox 200 1918 2268 2030">
     <span class='ocr_line' id='line_1_23' title="bbox 235 1918 2268 1992; baseline 0.006 -27"><span class='ocrx_word' id='word_1_211' title='bbox 235 1983 244 1992; x_wconf 20' lang='grc' dir='ltr'><strong>ἡ</strong></span> <span class='ocrx_word' id='word_1_212' title='bbox 300 1983 308 1992; x_wconf 90' lang='lat'>.</span> <span class='ocrx_word' id='word_1_213' title='bbox 335 1920 388 1966; x_wconf 90' lang='lat' dir='ltr'>A.</span> <span class='ocrx_word' id='word_1_214' title='bbox 410 1926 547 1992; x_wconf 51' lang='lat'>1628.</span> <span class='ocrx_word' id='word_1_215' title='bbox 581 1918 635 1965; x_wconf 89' lang='lat' dir='ltr'>de</span> <span class='ocrx_word' id='word_1_216' title='bbox 660 1935 813 1991; x_wconf 70' lang='lat' dir='ltr'>yerme</span> <span class='ocrx_word' id='word_1_217' title='bbox 846 1919 995 1967; x_wconf 64' lang='lat' dir='ltr'>cincto</span> <span class='ocrx_word' id='word_1_218' title='bbox 1017 1918 1154 1968; x_wconf 84' lang='lat' dir='ltr'>bullis</span> <span class='ocrx_word' id='word_1_219' title='bbox 1176 1923 1358 1982; x_wconf 82' lang='lat' dir='ltr'>aqueis,</span> <span class='ocrx_word' id='word_1_220' title='bbox 1397 1921 1586 1984; x_wconf 83' lang='lat' dir='ltr'>ejusque</span> <span class='ocrx_word' id='word_1_221' title='bbox 1606 1923 1820 1973; x_wconf 83' lang='lat' dir='ltr'>intestino</span> <span class='ocrx_word' id='word_1_222' title='bbox 1838 1959 1851 1980; x_wconf 92' lang='lat'>‚</span> <span class='ocrx_word' id='word_1_223' title='bbox 1888 1925 2156 1990; x_wconf 84' lang='lat' dir='ltr'>duabusque</span> <span class='ocrx_word' id='word_1_224' title='bbox 2172 1935 2268 1977; x_wconf 54' lang='lat' dir='ltr'>maa&gt;</span> 
     </span>
     <span class='ocr_line' id='line_1_24' title="bbox 200 1990 720 2030; baseline -0.002 0"><span class='ocrx_word' id='word_1_225' title='bbox 200 1998 335 2030; x_wconf 75' lang='lat' dir='ltr'>xlmis</span> <span class='ocrx_word' id='word_1_226' title='bbox 361 1996 538 2030; x_wconf 75' lang='lat' dir='ltr'>arteriis</span> <span class='ocrx_word' id='word_1_227' title='bbox 566 1990 720 2030; x_wconf 73' lang='lat' dir='ltr'>aereis.</span> 
     </span>
    </p>
   </div>
   <div class='ocr_carea' id='block_1_14' title="bbox 204 2063 2267 2190">
    <p class='ocr_par' dir='ltr' id='par_1_14' title="bbox 204 2063 2267 2190">
     <span class='ocr_line' id='line_1_25' title="bbox 329 2063 2267 2176; baseline 0.008 -66"><span class='ocrx_word' id='word_1_228' title='bbox 329 2066 385 2176; x_wconf 68' lang='lat' dir='ltr'>Isn</span> <span class='ocrx_word' id='word_1_229' title='bbox 409 2063 497 2138; x_wconf 68' lang='lat' dir='ltr'>hist3</span> <span class='ocrx_word' id='word_1_230' title='bbox 520 2064 572 2137; x_wconf 60' lang='lat' dir='ltr'>das</span> <span class='ocrx_word' id='word_1_231' title='bbox 591 2064 770 2119; x_wconf 69' lang='lat' dir='ltr'>l’Acad.</span> <span class='ocrx_word' id='word_1_232' title='bbox 801 2070 938 2123; x_wconf 84' lang='lat'>1699.</span> <span class='ocrx_word' id='word_1_233' title='bbox 960 2064 1220 2115; x_wconf 84' lang='lat' dir='ltr'>cellulosam</span> <span class='ocrx_word' id='word_1_234' title='bbox 1244 2079 1458 2118; x_wconf 86' lang='lat' dir='ltr'>naturam</span> <span class='ocrx_word' id='word_1_235' title='bbox 1476 2070 1738 2132; x_wconf 87' lang='lat' dir='ltr'>plumarum</span> <span class='ocrx_word' id='word_1_236' title='bbox 1767 2070 2002 2130; x_wconf 81' lang='lat' dir='ltr'>describit,</span> <span class='ocrx_word' id='word_1_237' title='bbox 2039 2072 2153 2125; x_wconf 84' lang='lat' dir='ltr'>vafis</span> <span class='ocrx_word' id='word_1_238' title='bbox 2172 2074 2267 2139; x_wconf 62' lang='lat' dir='ltr'>ple-4</span> 
     </span>
     <span class='ocr_line' id='line_1_26' title="bbox 204 2145 615 2190; baseline 0 -15"><span class='ocrx_word' id='word_1_239' title='bbox 204 2145 312 2178; x_wconf 68' lang='lat' dir='ltr'>nam</span> <span class='ocrx_word' id='word_1_240' title='bbox 360 2145 615 2190; x_wconf 80' lang='lat' dir='ltr'>angumeis.</span> 
     </span>
    </p>
   </div>
   <div class='ocr_carea' id='block_1_15' title="bbox 280 2208 1998 2685">
    <p class='ocr_par' dir='ltr' id='par_1_15' title="bbox 280 2208 1998 2685">
     <span class='ocr_line' id='line_1_27' title="bbox 329 2208 1998 2269; baseline 0.005 -9"><span class='ocrx_word' id='word_1_241' title='bbox 329 2211 457 2260; x_wconf 85' lang='lat' dir='ltr'>Idem</span> <span class='ocrx_word' id='word_1_242' title='bbox 485 2208 672 2258; x_wconf 88' lang='lat' dir='ltr'>succum</span> <span class='ocrx_word' id='word_1_243' title='bbox 697 2209 867 2258; x_wconf 83' lang='lat' dir='ltr'>offeum</span> <span class='ocrx_word' id='word_1_244' title='bbox 897 2228 954 2258; x_wconf 88' lang='lat' dir='ltr'>ex</span> <span class='ocrx_word' id='word_1_245' title='bbox 977 2213 1198 2262; x_wconf 83' lang='lat' dir='ltr'>vertebris</span> <span class='ocrx_word' id='word_1_246' title='bbox 1228 2216 1478 2264; x_wconf 80' lang='lat' dir='ltr'>centenarii</span> <span class='ocrx_word' id='word_1_247' title='bbox 1505 2213 1625 2266; x_wconf 88' lang='lat' dir='ltr'>senis</span> <span class='ocrx_word' id='word_1_248' title='bbox 1649 2214 1843 2267; x_wconf 84' lang='lat' dir='ltr'>effusum</span> <span class='ocrx_word' id='word_1_249' title='bbox 1868 2219 1998 2269; x_wconf 80' lang='lat' dir='ltr'>vidit,</span> 
     </span>
     <span class='ocr_line' id='line_1_28' title="bbox 333 2290 1537 2352; baseline 0.007 -12"><span class='ocrx_word' id='word_1_250' title='bbox 333 2293 391 2340; x_wconf 90' lang='lat' dir='ltr'>In</span> <span class='ocrx_word' id='word_1_251' title='bbox 416 2290 527 2341; x_wconf 83' lang='lat' dir='ltr'>Phil.</span> <span class='ocrx_word' id='word_1_252' title='bbox 559 2291 713 2352; x_wconf 70' lang='lat' dir='ltr'>Trans]</span> <span class='ocrx_word' id='word_1_253' title='bbox 735 2309 782 2340; x_wconf 89' lang='lat' dir='ltr'>n.</span> <span class='ocrx_word' id='word_1_254' title='bbox 802 2299 909 2340; x_wconf 84' lang='lat'>266.</span> <span class='ocrx_word' id='word_1_255' title='bbox 942 2293 996 2341; x_wconf 91' lang='lat' dir='ltr'>de</span> <span class='ocrx_word' id='word_1_256' title='bbox 1023 2294 1280 2344; x_wconf 87' lang='lat' dir='ltr'>libellarum</span> <span class='ocrx_word' id='word_1_257' title='bbox 1305 2296 1537 2348; x_wconf 83' lang='lat' dir='ltr'>musculis.</span> 
     </span>
     <span class='ocr_line' id='line_1_29' title="bbox 335 2374 1789 2441; baseline 0.006 -18"><span class='ocrx_word' id='word_1_258' title='bbox 335 2376 391 2423; x_wconf 91' lang='lat' dir='ltr'>In</span> <span class='ocrx_word' id='word_1_259' title='bbox 411 2379 546 2422; x_wconf 85' lang='lat' dir='ltr'>Mem.</span> <span class='ocrx_word' id='word_1_260' title='bbox 570 2374 623 2421; x_wconf 83' lang='lat' dir='ltr'>de</span> <span class='ocrx_word' id='word_1_261' title='bbox 647 2375 818 2422; x_wconf 84' lang='lat' dir='ltr'>l&#39;Acad.</span> <span class='ocrx_word' id='word_1_262' title='bbox 849 2376 922 2423; x_wconf 82' lang='lat' dir='ltr'>des</span> <span class='ocrx_word' id='word_1_263' title='bbox 947 2380 1134 2426; x_wconf 86' lang='lat' dir='ltr'>Sciences</span> <span class='ocrx_word' id='word_1_264' title='bbox 1162 2392 1296 2439; x_wconf 70' lang='lat'><em>1700,</em></span> <span class='ocrx_word' id='word_1_265' title='bbox 1328 2381 1479 2441; x_wconf 86' lang='lat' dir='ltr'>puella</span> <span class='ocrx_word' id='word_1_266' title='bbox 1503 2397 1610 2429; x_wconf 84' lang='lat' dir='ltr'>rene</span> <span class='ocrx_word' id='word_1_267' title='bbox 1634 2381 1789 2431; x_wconf 70' lang='lat' dir='ltr'>unico,</span> 
     </span>
     <span class='ocr_line' id='line_1_30' title="bbox 333 2456 1492 2516; baseline 0.007 -12"><span class='ocrx_word' id='word_1_268' title='bbox 333 2459 463 2505; x_wconf 78' lang='lat' dir='ltr'>Anno</span> <span class='ocrx_word' id='word_1_269' title='bbox 492 2469 628 2516; x_wconf 88' lang='lat'>1704.</span> <span class='ocrx_word' id='word_1_270' title='bbox 665 2456 1018 2508; x_wconf 85' lang='lat' dir='ltr'>Formicaleonis</span> <span class='ocrx_word' id='word_1_271' title='bbox 1046 2460 1233 2510; x_wconf 84' lang='lat' dir='ltr'>historia</span> <span class='ocrx_word' id='word_1_272' title='bbox 1257 2463 1492 2513; x_wconf 86' lang='lat' dir='ltr'>naturalis.</span> 
     </span>
     <span class='ocr_line' id='line_1_31' title="bbox 335 2539 1035 2603; baseline 0.006 -18"><span class='ocrx_word' id='word_1_273' title='bbox 335 2541 465 2585; x_wconf 83' lang='lat' dir='ltr'>Anno</span> <span class='ocrx_word' id='word_1_274' title='bbox 496 2550 633 2596; x_wconf 90' lang='lat'><em>1705.</em></span> <span class='ocrx_word' id='word_1_275' title='bbox 666 2539 858 2587; x_wconf 86' lang='lat' dir='ltr'>Locusta</span> <span class='ocrx_word' id='word_1_276' title='bbox 883 2543 1035 2603; x_wconf 87' lang='lat' dir='ltr'>pulex.</span> 
     </span>
     <span class='ocr_line' id='line_1_32' title="bbox 280 2622 1290 2685; baseline 0.011 -23"><span class='ocrx_word' id='word_1_277' title='bbox 280 2658 284 2662; x_wconf 76' lang='grc'><strong><em>,</em></strong></span> <span class='ocrx_word' id='word_1_278' title='bbox 340 2622 660 2682; x_wconf 85' lang='lat' dir='ltr'>Ligamentum</span> <span class='ocrx_word' id='word_1_279' title='bbox 689 2622 940 2673; x_wconf 74' lang='lat' dir='ltr'>FALLoml</span> <span class='ocrx_word' id='word_1_280' title='bbox 969 2641 1052 2685; x_wconf 87' lang='lat' dir='ltr'>pro</span> <span class='ocrx_word' id='word_1_281' title='bbox 1078 2640 1126 2672; x_wconf 86' lang='lat' dir='ltr'>re</span> <span class='ocrx_word' id='word_1_282' title='bbox 1152 2640 1290 2673; x_wconf 82' lang='lat' dir='ltr'>nova.</span> 
     </span>
    </p>
   </div>
   <div class='ocr_carea' id='block_1_16' title="bbox 207 2702 2264 2828">
    <p class='ocr_par' dir='ltr' id='par_1_16' title="bbox 207 2702 2264 2828">
     <span class='ocr_line' id='line_1_33' title="bbox 335 2702 2264 2777; baseline 0.008 -30"><span class='ocrx_word' id='word_1_283' title='bbox 335 2707 472 2751; x_wconf 81' lang='lat' dir='ltr'>Mem.</span> <span class='ocrx_word' id='word_1_284' title='bbox 497 2702 550 2749; x_wconf 84' lang='lat' dir='ltr'>de</span> <span class='ocrx_word' id='word_1_285' title='bbox 581 2709 716 2761; x_wconf 84' lang='lat'><em>1706.</em></span> <span class='ocrx_word' id='word_1_286' title='bbox 759 2705 925 2766; x_wconf 80' lang='lat' dir='ltr'>Aliqua</span> <span class='ocrx_word' id='word_1_287' title='bbox 960 2706 1018 2752; x_wconf 84' lang='lat' dir='ltr'>ad</span> <span class='ocrx_word' id='word_1_288' title='bbox 1050 2719 1296 2755; x_wconf 88' lang='lat' dir='ltr'>anatomen</span> <span class='ocrx_word' id='word_1_289' title='bbox 1328 2709 1498 2770; x_wconf 86' lang='lat' dir='ltr'>mytuli</span> <span class='ocrx_word' id='word_1_290' title='bbox 1523 2744 1538 2765; x_wconf 88' lang='lat'><strong>,</strong></span> <span class='ocrx_word' id='word_1_291' title='bbox 1585 2709 1682 2775; x_wconf 85' lang='lat' dir='ltr'>ejus</span> <span class='ocrx_word' id='word_1_292' title='bbox 1717 2710 1932 2764; x_wconf 77' lang='lat' dir='ltr'>tubulum</span> <span class='ocrx_word' id='word_1_293' title='bbox 1967 2710 2264 2777; x_wconf 59' lang='lat' dir='ltr'>aquisugum9</span> 
     </span>
     <span class='ocr_line' id='line_1_34' title="bbox 207 2767 657 2828; baseline -0.007 -11"><span class='ocrx_word' id='word_1_294' title='bbox 207 2767 438 2816; x_wconf 85' lang='lat' dir='ltr'>musculos</span> <span class='ocrx_word' id='word_1_295' title='bbox 465 2768 657 2828; x_wconf 88' lang='lat' dir='ltr'>aliquos.</span> 
     </span>
    </p>
   </div>
   <div class='ocr_carea' id='block_1_17' title="bbox 209 2847 2272 3044">
    <p class='ocr_par' dir='ltr' id='par_1_17' title="bbox 209 2847 2272 3044">
     <span class='ocr_line' id='line_1_35' title="bbox 339 2847 2272 2922; baseline 0.004 -26"><span class='ocrx_word' id='word_1_296' title='bbox 339 2850 461 2910; x_wconf 84' lang='lat' dir='ltr'>EJUs</span> <span class='ocrx_word' id='word_1_297' title='bbox 489 2867 604 2911; x_wconf 86' lang='lat' dir='ltr'>opus</span> <span class='ocrx_word' id='word_1_298' title='bbox 635 2847 716 2897; x_wconf 77' lang='lat' dir='ltr'>effe</span> <span class='ocrx_word' id='word_1_299' title='bbox 745 2848 969 2914; x_wconf 75' lang='lat' dir='ltr'>Chirurgie</span> <span class='ocrx_word' id='word_1_300' title='bbox 1003 2853 1205 2915; x_wconf 86' lang='lat' dir='ltr'>complete</span> <span class='ocrx_word' id='word_1_301' title='bbox 1242 2852 1386 2918; x_wconf 87' lang='lat' dir='ltr'>Haag.</span> <span class='ocrx_word' id='word_1_302' title='bbox 1408 2863 1649 2919; x_wconf 43' lang='lat' dir='ltr'>1695s12.</span> <span class='ocrx_word' id='word_1_303' title='bbox 1671 2859 1858 2913; x_wconf 86' lang='lat' dir='ltr'>editum,</span> <span class='ocrx_word' id='word_1_304' title='bbox 1895 2876 2031 2920; x_wconf 85' lang='lat' dir='ltr'>quam</span> <span class='ocrx_word' id='word_1_305' title='bbox 2060 2876 2141 2920; x_wconf 88' lang='lat' dir='ltr'>pro</span> <span class='ocrx_word' id='word_1_306' title='bbox 2162 2877 2272 2922; x_wconf 76' lang='lat' dir='ltr'>ope..</span> 
     </span>
     <span class='ocr_line' id='line_1_36' title="bbox 209 2912 2269 2973; baseline 0.006 -13"><span class='ocrx_word' id='word_1_307' title='bbox 209 2929 259 2960; x_wconf 85' lang='lat' dir='ltr'>re</span> <span class='ocrx_word' id='word_1_308' title='bbox 289 2912 331 2959; x_wconf 84' lang='lat' dir='ltr'>le</span> <span class='ocrx_word' id='word_1_309' title='bbox 362 2915 533 2962; x_wconf 69' lang='lat' dir='ltr'>CLERC</span> <span class='ocrx_word' id='word_1_310' title='bbox 568 2914 733 2967; x_wconf 84' lang='lat' dir='ltr'>habui,</span> <span class='ocrx_word' id='word_1_311' title='bbox 774 2931 898 2963; x_wconf 87' lang='lat' dir='ltr'>nunc</span> <span class='ocrx_word' id='word_1_312' title='bbox 929 2916 1069 2963; x_wconf 85' lang='lat' dir='ltr'>didici</span> <span class='ocrx_word' id='word_1_313' title='bbox 1099 2934 1155 2964; x_wconf 84' lang='lat' dir='ltr'>ex</span> <span class='ocrx_word' id='word_1_314' title='bbox 1179 2918 1249 2970; x_wconf 80' lang='lat' dir='ltr'>Cl.</span> <span class='ocrx_word' id='word_1_315' title='bbox 1274 2920 1495 2970; x_wconf 80' lang='lat' dir='ltr'>PORTAL.</span> <span class='ocrx_word' id='word_1_316' title='bbox 1592 2926 1763 2972; x_wconf 83' lang='lat' dir='ltr'>Bonam</span> <span class='ocrx_word' id='word_1_317' title='bbox 1791 2926 1998 2973; x_wconf 69' lang='lat' dir='ltr'>continet</span> <span class='ocrx_word' id='word_1_318' title='bbox 2025 2937 2269 2973; x_wconf 73' lang='lat' dir='ltr'>anatomen</span> 
     </span>
     <span class='ocr_line' id='line_1_37' title="bbox 209 2974 1699 3044; baseline 0.009 -20"><span class='ocrx_word' id='word_1_319' title='bbox 209 2974 366 3025; x_wconf 76' lang='lat' dir='ltr'>baseos</span> <span class='ocrx_word' id='word_1_320' title='bbox 392 2978 562 3034; x_wconf 82' lang='lat' dir='ltr'>cranii,</span> <span class='ocrx_word' id='word_1_321' title='bbox 596 2980 867 3042; x_wconf 79' lang='lat' dir='ltr'>viarumque</span> <span class='ocrx_word' id='word_1_322' title='bbox 902 2997 1197 3036; x_wconf 84' lang='lat' dir='ltr'>nervearum,</span> <span class='ocrx_word' id='word_1_323' title='bbox 1231 2984 1400 3044; x_wconf 88' lang='lat' dir='ltr'>quibus</span> <span class='ocrx_word' id='word_1_324' title='bbox 1433 2987 1699 3038; x_wconf 81' lang='lat' dir='ltr'>terebratur.</span> 
     </span>
    </p>
   </div>
   <div class='ocr_carea' id='block_1_18' title="bbox 1082 3064 2269 3127">
    <p class='ocr_par' dir='ltr' id='par_1_18' title="bbox 1082 3064 2269 3127">
     <span class='ocr_line' id='line_1_38' title="bbox 1082 3064 2269 3127; baseline 0.01 -16"><span class='ocrx_word' id='word_1_325' title='bbox 1082 3064 1178 3112; x_wconf 77' lang='lat' dir='ltr'>nd</span> <span class='ocrx_word' id='word_1_326' title='bbox 1212 3065 1289 3114; x_wconf 76' lang='lat' dir='ltr'>ad</span> <span class='ocrx_word' id='word_1_327' title='bbox 1323 3067 1412 3127; x_wconf 76' lang='lat'>&lt;13</span> <span class='ocrx_word' id='word_1_328' title='bbox 1801 3074 1841 3127; x_wconf 75' lang='grc' dir='ltr'>ς.</span> <span class='ocrx_word' id='word_1_329' title='bbox 1877 3068 2269 3123; x_wconf 78' lang='lat' dir='ltr'>Dccxvm.</span> 
     </span>
    </p>
   </div>
  </div>
 </body>
</html>
