2556 3442
294 132 395 179 -124
938 119 1245 168 '213.1.
1341 115 1687 168 GRAECI.

301 257 416 316 stylo
448 253 665 316 script-um
694 254 960 311 tumidiori‚
999 257 1246 318 multisque
1285 268 1499 303 ornatum
1525 268 1728 302 veterum
1764 253 1889 301 locis.
1972 251 2174 300 Pertinet
2197 259 2353 300 tamen

299 315 395 365 fere
419 320 475 365 ad
503 320 719 367 vaticinia
739 355 752 374 ‚
788 321 979 367 Omnino
1011 321 1134 366 enim
1161 331 1292 381 putat
1321 336 1345 364 a
1368 318 1555 366 somniis
1577 321 1726 378 aliqua
1752 315 1988 378 praesagiri.
2055 318 2125 362 De
2148 317 2354 376 quaedam

301 381 464 444 spiritu
487 382 769 445 phantastico
786 418 801 439 ,
837 384 919 445 qui
944 384 1107 431 animae
1130 383 1395 431 vehiculum
1425 382 1493 431 fit.
1557 385 1628 430 De
1647 379 1998 443 interpretandis
2022 377 2229 429 somniis.
2269 407 2277 415 =

884 542 931 601 §-
966 543 1181 591 XCIH.
1275 543 1526 589 ANONYM
1559 544 1751 591 GRAECI.

433 659 758 720 Fragmentum
787 658 841 705 de
857 659 1007 704 colore
1019 654 1250 716 sanguinis
1276 655 1426 702 Leidae
1445 667 1579 714 1745.
1594 660 1652 710 ε’.
1667 672 1773 703 cura
1786 655 1856 704 CI.
1876 655 2144 703 Remmiam
2165 649 2355 700 editum.

430 758 703 816 Anonymus
731 755 784 800 de
813 752 942 800 sensu
974 755 1017 798 &
1041 726 1235 816 sensibili
1268 751 1488 798 BODLEY.
1515 767 1562 798 n.
1593 763 1696 808 131.

431 854 703 911 Anonymus
732 851 785 895 de
809 861 1006 909 quatuor
1033 845 1329 899 humoribus,
1366 848 1584 894 BODLEY.
1610 863 1657 893 n.
1685 858 1786 903 131.
1814 864 1970 915 graece.

326 1012 350 1057 b
373 1010 398 1056 d
434 949 708 1006 Anonymus
743 945 796 991 de
825 941 1052 1005 pulsibus,
1102 942 1184 1003 qui
1218 939 1296 989 sua
1329 959 1385 989 ex
1422 946 1622 1005 Gregorii
1657 944 1881 991 NYSSENI
1913 960 1991 991 ore
2028 941 2190 991 habere
2221 943 2357 994 vult2

301 1011 320 1060 i
354 1010 371 1058 i
404 1027 482 1058 .n.
511 1016 649 1066 2316.

431 1108 505 1153 De
534 1103 734 1168 pulsibus
766 1103 1089 1164 compendium
1115 1103 1336 1150 BoDLEY.
1364 1117 1409 1147 n.
1431 1106 1506 1156 8'8..
1537 1104 1579 1149 &
1612 1113 1716 1159 131.
1749 1118 1904 1164 graece.

434 1204 564 1251 Alius
593 1203 867 1261 Anonymus
894 1201 948 1247 de
973 1199 1119 1247 urinis
1142 1216 1187 1245 n.
1211 1204 1350 1246 2260.
1384 1200 1427 1245 ἂ
1462 1199 1576 1245 alius
1605 1216 1651 1245 n.
1681 1210 1821 1257 2257.
1853 1199 1895 1245 &
1921 1215 1967 1245 n.
1995 1208 2139 1256 2207.

432 1300 507 1347 An
534 1302 576 1346 δι
608 1299 722 1344 alius
745 1299 792 1344 B.
819 1296 1089 1344 Vindobon.
1117 1297 1166 1342 L.
1192 1296 1276 1349 Vl,
1310 1312 1352 1357 p.
1380 1306 1481 1343 122.
1514 1297 1555 1343 &
1579 1296 1682 1342 VII.
1709 1312 1751 1357 p.
1774 1306 1877 1354 153.

435 1396 566 1443 Alius
599 1396 785 1441 Graecus
813 1394 1042 1441 BODLEY.
1074 1407 1120 1438 n.
1144 1397 1250 1439 260.
1278 1398 1386 1440 261,

432 1491 666 1551 Anonymi
696 1487 910 1551 opuscula
941 1490 1160 1550 quinque,
1198 1489 1319 1535 inter
1351 1504 1452 1549 quae
1478 1488 1539 1535 est
1564 1486 1642 1536 lib.
1675 1486 1729 1534 de
1749 1487 1894 1536 urinis
1922 1503 1968 1534 n.
1994 1496 2135 1545 2224.
2219 1542 2221 1544 ¹

431 1587 665 1647 Anonymi
694 1591 910 1634 traetatus
937 1586 989 1632 de
1021 1586 1182 1638 urinis,
1215 1601 1268 1631 ex
1295 1586 1537 1638 CAH-mo,
1571 1585 1770 1633 MAGNO
1787 1619 1800 1641 ,
1833 1586 2196 1634 &THEOPHILQ
2226 1584 2360 1632 colle·

304 1651 421 1703 ἕως,
457 1667 559 1697 cum
583 1649 764 1698 scholiis
788 1653 830 1698 ἃ
853 1651 984 1697 malis
1015 1649 1253 1702 iconibus,
1287 1649 1397 1694 ibid.
1421 1650 1471 1695 L.
1495 1649 1556 1696 11.
1581 1665 1625 1709 p.
1643 1656 1753 1707 478.

431 1747 501 1793 De
539 1749 682 1794 urinis
707 1747 758 1794 in
787 1748 1054 1796 colletstione
1075 1747 1123 1792 Β.
1146 1747 1288 1793 MED.
1321 1744 1438 1792 Plut.
1459 1757 1536 1804 75.

436 1845 710 1904 Anonymus
741 1844 795 1890 de
823 1845 968 1891 urinis
997 1844 1047 1891 in
1068 1843 1116 1890 Β.
1142 1844 1202 1889 D.
1229 1843 1423 1889 MARCI.

434 1945 708 2001 Anonymus
740 1942 797 1988 de
821 1941 967 1988 urinis
991 1942 1036 1988 &
1063 1937 1266 2001 pulsibus
1291 1939 1339 1984 Β.
1373 1939 1429 1986 R.
1459 1939 1508 1986 P.
1541 1955 1587 1986 n.
1610 1945 1750 1998 2287.

435 2038 707 2097 Anonymus
734 2037 789 2085 de
812 2038 1108 2085 excrementis
1133 2038 1184 2082 in
1206 2034 1319 2082 Bibl.
1350 2035 1526 2084 Vindob.
1555 2038 1780 2084 LAMBEC.
1809 2036 1859 2083 L.
1878 2036 1961 2083 VI.
1995 2053 2037 2097 p.
2061 2048 2166 2095 104.

308 2193 348 2245 B
387 2134 706 2243 DArnionymus
735 2134 788 2180 de
815 2148 908 2181 atra
926 2134 1015 2181 bile
1042 2150 1097 2180 ex
1126 2132 1255 2180 libris
1283 2133 1510 2187 GALENI,
1555 2134 1713 2188 Rum,
1751 2133 2051 2182 Possmonn
2081 2135 2125 2181 &
2145 2133 2294 2181 Arm
2314 2128 2366 2181 in

355 2233 364 2243 .
436 2232 444 2243 .
524 2209 642 2244 Auel
673 2214 831 2259 graece.

433 2294 669 2354 Anonymi
694 2295 747 2341 de
778 2295 979 2356 eorporis
1002 2294 1195 2342 humani
1225 2295 1545 2357 generatione,
1580 2296 1631 2344 in
1656 2295 1703 2342 B.
1732 2295 1790 2343 R.
1817 2295 1914 2343 Par.
1947 2310 1994 2341 n.
2024 2297 2160 2354 1766.

436 2391 709 2451 Anonymus
733 2391 787 2438 de
811 2390 1084 2440 formatione
1109 2391 1311 2440 hominis
1336 2392 1387 2438 in
1415 2392 1555 2454 Eclog.
1591 2396 1727 2441 Oxvn.
1762 2390 1971 2442 cmztabr.

431 2485 548 2534 Ibid.
586 2487 736 2548 Caput
764 2488 818 2534 de
848 2490 1064 2550 partubus
1092 2487 1443 2550 septimestribus
1472 2490 1588 2537 Plut.
1609 2500 1687 2550 74.

430 2585 710 2647 Anonymus
741 2584 795 2630 de
827 2598 959 2646 partu
990 2584 1253 2646 septimestri
1281 2587 1503 2634 BODLEY.
1532 2601 1578 2632 n.
1606 2597 1710 2642 131.

436 2682 710 2741 Anonymus
737 2681 790 2727 de
815 2680 989 2728 infante
1012 2682 1062 2729 in
1086 2694 1217 2729 utero
1247 2683 1295 2729 Β.
1325 2682 1382 2729 R.
1411 2680 1458 2730 P.
1487 2699 1533 2729 n.
1562 2688 1704 2740 2276.

438 2778 674 2838 Anonymi
696 2775 895 2839 synopsis
923 2779 977 2826 de
1002 2792 1166 2827 natura
1188 2778 1404 2827 hominis.
1472 2780 1527 2826 In
1558 2779 1602 2826 B.
1631 2777 1743 2827 Guil.
1771 2777 2046 2828 Pmlsslssko

433 2875 706 2937 Anonymus
729 2891 899 2938 graecus
926 2875 980 2926 de
1010 2874 1177 2930 semine
1204 2876 1408 2928 humano
1443 2877 1600 2927 Rom..
1629 2891 1675 2927 n.
1708 2886 1813 2935 131.

2145 2967 2366 3022 Colledlio
