2556 3442
735 115 931 175 2163.
1000 114 1052 164 A.
1105 112 1636 166 VESALIUS.
2120 121 2204 184 133

152 241 293 297 dixit,
334 245 376 292 &
401 259 505 292 cum
528 245 724 292 valvulis
748 240 974 292 ‘arteriofis
997 240 1144 288 cordis
1177 242 1482 299 comparavit,
1519 257 1632 302 quas
1658 256 1809 291 tamen
1840 248 1887 294 in
1916 256 2104 298 examine
2131 253 2202 299 ob-

140 308 441 367 servationum
467 310 711 358 FALLOPH
739 323 837 353 non
864 307 966 353 vult
991 320 1072 365 pro
1099 303 1293 350 valvulis
1329 302 1508 358 haberi,
1541 321 1688 365 neque
1717 306 1820 354 satis
1847 312 1886 369 J.
1906 314 1952 358 B.
1980 318 2199 366 CANANQ

151 373 321 425 credit,
356 373 436 433 qui
463 374 513 419 in
538 373 674 420 variis
699 371 826 417 venis
851 370 1053 415 valvulas
1081 367 1269 414 viderat.
1338 368 1562 414 Foramen
1590 371 1717 415 ovale
1748 372 1789 416 &
1816 373 2002 420 ductum
2019 383 2202 425 arretio-

153 433 253 481 sum
281 434 384 483 satis
417 437 531 482 bene
568 433 789 480 describit.
855 431 1162 478 Valvularum
1189 447 1319 477 venae
1352 433 1628 491 pulmonalis
1661 449 1816 479 verum
1843 434 2042 483 officium
2072 443 2204 488 intel·
2232 446 2236 447 ⁷

153 499 277 545 lexit.
345 499 607 546 Auriculam
644 497 850 542 dextram
873 495 1022 542 cordi-s
1051 495 1268 555 majorem
1302 494 1397 541 effe.
1464 496 1662 542 Nullum
1694 495 1775 542 effe
1816 514 1866 543 os
1897 500 2058 546 cordis.
2125 505 2204 553 Pe,

149 562 395 608 ricardium
416 558 673 608 >transverse
697 557 893 618 pesitum
925 558 1148 611 delineat,
1185 557 1501 605 mediastinum
1533 558 1772 606 bestiarum
1802 561 1964 621 rejicit.
2033 565 2207 623 Aquam

147 626 385 685 pericardii
414 627 465 671 in
487 624 596 670 vivo
621 622 741 670 vidit
770 621 972 669 homine.
1038 622 1298 684 Marginem
1323 621 1472 669 cordis
1505 635 1691 670 acutum
1723 622 1877 670 habet.

275 721 374 768 Lib.
397 720 504 767 VII.
546 719 798 767 Cerebrum
820 722 864 766 &
892 731 1042 780 caput.
1110 719 1259 766 Etiam
1287 719 1337 766 in
1358 720 1538 765 cerebro
1565 721 1782 767 minutias
1807 737 1904 767 non
1928 720 1996 768 *est
2009 719 2209 771 secutus.

150 785 334 832 Pituitae
357 796 511 831 tamen
535 784 585 830 in
612 800 741 831 nares
767 785 862 831 vias
888 784 1058 844 rejecit.
1128 783 1358 829 Corticem
1390 783 1558 830 cerebri
1578 784 1800 831 distinxit.
1870 786 2008 832 Strias
2034 801 2060 830 a
2085 787 2211 846 glan-

146 850 256 896 dula
280 849 473 908 pineali,
517 848 865 908 aquaeductum,
911 863 1056 893 cornu
1080 847 1326 893 ventriculi
1353 847 1522 893 cerebri
1558 846 1859 901 descendens,
1895 846 2042 894 finum
2079 851 2212 909 quin-

148 924 251 959 tum
283 909 417 958 suum
450 912 643 958 invenit.
711 912 826 958 Rete
847 909 1059 957 *mirabile
1087 910 1357 969 repudiavit.
1428 912 1580 970 Negat
1607 912 1881 957 anteriorem
1904 913 2213 959 ventriculum

145 988 300 1036 patere
323 975 375 1021 in
405 989 598 1022 nervum.
624 973 924 1022 olfactorium.
998 974 1216 1034 Corporis
1248 970 1397 1019 callosi
1429 974 1595 1018 lineam
1635 975 1837 1021 mediam
1870 974 1988 1022 dixit
2022 978 2064 1022 &
2094 976 2209 1023 duos

148 1037 324 1093 sulcos,
369 1039 618 1086 adnotante
654 1040 724 1085 Cl.
760 1039 991 1085 PORTAL.
1073 1037 1227 1084 Audio
1251 1037 1345 1097 jam
1376 1037 1588 1084 VESALH
1615 1049 1819 1100 ternpore
1849 1036 1977 1085 fuiffe
1998 1073 2010 1092 ,
2049 1041 2131 1100 qui
2156 1037 2210 1086 de

146 1104 196 1150 vi
215 1101 430 1150 refraclili
453 1103 589 1150 lentis
616 1101 885 1163 crystallinae
912 1102 1177 1163 cogitarent.

277 1184 334 1231 In
363 1182 456 1231 fine
480 1185 626 1245 operis
651 1185 865 1231 vivorum
890 1183 1155 1230 animalium
1179 1180 1420 1229 incisiones
1450 1183 1621 1244 aliquas
1651 1183 1782 1244 jubet
1808 1183 2131 1238 administrare,
2169 1187 2211 1232 ὅ(

148 1249 270 1296 inter
296 1264 367 1294 eas
391 1247 439 1295 id
467 1248 828 1308 experimentum
853 1245 949 1293 fuse
977 1248 1194 1307 exponit,
1232 1245 1357 1306 quod
1383 1245 1533 1293 solent
1556 1248 1773 1295 HOOKIO
1798 1248 2014 1302 tribuere,
2050 1251 2092 1295 8<
2120 1266 2211 1309 quo

147 1313 260 1359 flatu
297 1312 348 1358 in
381 1313 647 1372 pulmonem
670 1310 865 1371 impulso
886 1312 982 1357 vita
1009 1313 1051 1357 &
1076 1310 1224 1357 cordis
1251 1323 1404 1356 motus
1432 1310 1698 1357 moribundi
1722 1312 1927 1358 animalis
1956 1311 2208 1359 suscitatur.

147 1377 272 1423 Fecit
303 1376 664 1434 experimentum
684 1376 815 1421 nervi
841 1375 1127 1421 recurrentis.
1197 1375 1467 1420 Pulmonem
1493 1387 1648 1435 aperto
1677 1378 1855 1436 pectore
1874 1377 2055 1423 collabi,
2123 1377 2210 1423 Re*

149 1455 256 1485 nem
283 1439 451 1485 excidit
476 1441 518 1485 ἃ
544 1439 722 1485 lienem.
794 1438 888 1484 Cor
908 1439 959 1484 in
987 1436 1146 1498 systole
1179 1438 1360 1498 longius
1389 1437 1503 1484 fieri..

278 1520 461 1580 Ubique
498 1519 595 1580 post
628 1517 949 1580 descriptiones
974 1520 1173 1580 partium
1198 1518 1613 1567 administrationes
1637 1519 1815 1582 adjicit,
1862 1537 1945 1582 per
1978 1537 2090 1582 quas
2113 1537 2210 1583 par·

145 1596 217 1631 tes
251 1582 444 1631 humani
469 1584 670 1645 corporis
692 1584 743 1630 in
768 1585 971 1645 apricum
999 1583 1304 1630 deducuntur.

275 1667 426 1713 Prima
467 1667 509 1712 ὃς
550 1682 658 1712 vera
697 1665 759 1712 est
803 1665 944 1712 editio
981 1663 1236 1712 Bafileenfis
1268 1677 1402 1722 1543.
1442 1663 1557 1712 soh*
1599 1667 1736 1713 altera
1766 1666 1899 1713 etiam
1933 1666 1987 1713 ab
2028 1668 2209 1714 auclore

148 1730 386 1778 emendata
424 1727 549 1776 Bafil.
583 1742 631 1785 15
644 1742 714 1787 55.
751 1727 868 1776 fot*
900 1730 1096 1789 pleniori
1129 1727 1362 1782 sermone,
1414 1727 1658 1790 paffimque
1705 1733 1859 1784 audin,
1902 1742 1955 1777 ut
1989 1748 2207 1778 venarum

150 1795 342 1844 valvulis
374 1810 519 1854 nuper
550 1794 779 1847 inventis,
816 1794 1028 1840 iconibus
1048 1827 1062 1846 ‚
1103 1809 1220 1839 certe
1247 1794 1296 1839 in
1322 1809 1423 1839 meo
1444 1795 1650 1854 exemplo
1672 1828 1684 1848 ,
1723 1793 1868 1840 nihilo
1894 1795 2209 1842 deterioribus

273 1877 312 1925 A
335 1888 482 1922 morte
517 1876 714 1923 auctoris
757 1875 846 1923 hoc
885 1892 1000 1937 opus
1031 1875 1238 1922 Veneriis
1269 1875 1545 1922 recuderunt
1574 1881 1708 1933 1568„
1746 1874 1859 1921 fol*
1889 1874 2049 1936 figuris
2080 1878 2211 1923 dimi-

148 1942 300 1995 nutis,
339 1954 439 1988 tum
468 1946 604 1999 1604.
643 1937 721 1987 fol.
771 1940 987 2001 Lugduni
1012 1950 1148 1997 1552.
1177 1942 1268 1986 12⁰.
1307 1940 1460 1986 2.Vo'l.
1506 1940 1676 2000 absque
1710 1939 1919 1986 iconibus
1938 1943 1980 1986 *ἵ
2062 1941 2211 1988 Habet

150 2008 286 2052 etiam
315 2006 562 2053 DOUGLAS
599 2004 821 2051 editiones
857 2001 1256 2051 Francofurtenses
1285 2008 1420 2063 1604.
1467 2010 1602 2058 1632.
1644 2003 1710 2061 4⁶.
1761 2019 1870 2063 quas
1898 2001 2098 2064 suspicor
2129 2004 2209 2051 elie

152 2071 412 2122 CAssERII,
449 2080 568 2115 certe
606 2068 914 2128 posteriorem.
983 2066 1153 2115 Nostro
1188 2068 1369 2114 demum
1398 2084 1495 2114 aevo
1517 2068 1883 2114 BOERHAAVIUS
1920 2069 1961 2114 &
1986 2069 2209 2115 ALBINUS

149 2149 256 2180 cum
282 2133 380 2180 aliis
405 2131 620 2193 operibus
650 2131 816 2179 summi
848 2132 936 2178 viri
968 2129 1177 2178 recusum
1204 2131 1454 2184 dederunt,
1488 2131 1699 2178 iconibus
1731 2132 1867 2177 aeneis
1898 2127 2063 2178 affabre
2088 2131 2211 2192 depi-

148 2198 274 2250 ctis,
309 2196 461 2242 addita
491 2196 624 2242 dodra
651 2194 942 2257 praefatione,
987 2212 1076 2256 qua
1109 2196 1203 2242 vita
1226 2196 1437 2242 VESALH
1466 2195 1757 2248 continetur,
1788 2195 2052 2241 nominibus
2078 2198 2212 2242 etiam

149 2260 339 2320 receptis
364 2260 419 2306 ad
443 2258 671 2307 musculos
694 2261 885 2319 *adjectis
903 2295 916 2314 ,
953 2259 1076 2319 quod
1100 2276 1318 2322 magnum
1342 2259 1404 2306 est
1435 2259 1598 2306 laboris
1631 2259 1789 2305 lectori
1807 2258 2062 2306 incubituri
2090 2276 2210 2306 com-

149 2324 382 2385 pendium.
421 2323 704 2381 Leid.1725.
743 2323 822 2370 fol.
863 2322 1056 2370 2.Vol.*
1847 2329 1851 2332 “

281 2406 346 2453 Ut
377 2406 573 2464 primum
601 2406 810 2466 adparuit
824 2421 1039 2466 magnum
1068 2421 1198 2465 opus,
1234 2406 1459 2452 continuo
1485 2405 1695 2451 omnium
1716 2404 1767 2450 in
1793 2401 1836 2451 se
1861 2405 2086 2452 convertit
2106 2421 2209 2452 ocu·

150 2472 244 2523 los,
282 2481 383 2516 tum
412 2470 710 2515 medicorum.
749 2482 848 2515 tum
874 2470 1011 2515 etiarn
1033 2470 1384 2529 bibliopolarum
1400 2503 1412 2521 ,
1450 2471 1529 2528 qui
1551 2469 1601 2515 in
1628 2481 1754 2515 tanta
1779 2469 2005 2516 bonarum
2025 2471 2207 2516 iconum

105 2554 113 2555 ff
149 2533 338 2596 penuria
362 2533 682 2579 VESALIANAS
716 2531 831 2578 {blas
858 2533 990 2578 laude
1023 2532 1229 2579 viderent
1245 2532 1410 2594 dignas
1437 2531 1534 2580 else.

279 2616 482 2662 Primum
513 2619 553 2662 T
551 2613 676 2661 homae
704 2616 934 2668 GEMJNI,
972 2613 1329 2675 Chalcographi,
1368 2614 1536 2674 prodiit:
1564 2619 1697 2661 totius
1727 2618 1950 2662 anatomia:
1975 2614 2207 2660 declaratio

149 2684 221 2729 aeri
250 2680 383 2738 incijiz
429 2678 627 2726 Londin.
663 2691 795 2737 1545.
833 2677 944 2724 fot*
986 2690 1120 2736 1552.
1158 2677 1236 2724 fol.
1274 2691 1407 2736 1559.
1445 2676 1522 2725 fol.
1560 2680 1725 2726 GUNZ.
1771 2685 1905 2738 1645.
1935 2677 2012 2723 fol.
2047 2679 2202 2723 BODL.

152 2745 278 2791 Idem
307 2741 399 2789 fere
436 2744 560 2803 quod
585 2745 887 2790 BUWMANNl
929 2759 1073 2802 opus,
1123 2745 1318 2802 epitome
1361 2759 1522 2802 nempe
1567 2745 1610 2789 ἃ
1658 2742 1826 2789 tabulae
1865 2739 2202 2790 musculorum,

148 2805 391 2859 vasorum,
438 2809 481 2853 ἃ,
522 2805 773 2860 viscerum,
817 2805 986 2852 omiffis
1038 2818 1198 2866 praeter
1238 2804 1423 2853 sceletos
1459 2808 1501 2852 &
1543 2808 1594 2852 in
1634 2809 1778 2867 capite
1815 2807 1988 2864 aliqua,
2021 2800 2200 2848 offibus.

151 2870 310 2916 leones
341 2867 447 2916 satis
475 2868 703 2925 subtiliter
729 2868 970 2931 exsculptae
992 2867 1126 2925 sunt,
1163 2870 1217 2916 de
1249 2871 1414 2930 quibus
1444 2882 1597 2917 tamen
1631 2871 1879 2918 VESALIUS
1909 2865 2203 2914 vehementur

152 2933 448 2991 conqueritur
478 2934 583 2991 (d).
2025 2925 2202 2973 Deinde

205 3043 269 3095 (d)
300 3047 398 3085 Raa.
433 3047 543 3087 chin,
