2556 3442
271 130 338 197 24
933 126 1110 176 2113.
1179 127 1219 172 1.
1312 119 1658 173 GRAECI.

275 281 574 332 terpretatur,
608 269 652 317 δι
679 267 734 316 de
759 263 846 315 fitu
878 264 1008 329 pueri
1029 263 1204 323 aliqua,
1250 272 1387 319 quem
1415 272 1471 331 exj
1507 256 1669 327 majori
1694 255 2204 331 ‘mamma-distinguas,
2252 259 2328 307 de.

275 352 364 395 que
388 332 667 396 graviditatis
691 330 824 392 fignis
844 350 858 384 3
900 343 962 377 ut*
979 326 1226 375 masculum
1251 334 1332 369 aut
1359 318 1574 393 fermnam
1603 332 1770 368 lemma
1794 336 2030 380 concipere
2048 321 2207 392 poffie,
2242 322 2332 372 hoc

275 400 352 445 vel
379 399 460 445 illo
488 396 595 445 teste
610 397 764 442 ‘maris
791 395 1006 454 obligato.
1073 391 1186 437 Non
1212 397 1343 448 putes
1367 400 1620 446 genuinum
1650 384 1745 432 effe.

403 493 593 540 Exstant
625 491 800 539 codices
830 487 922 536 fere
951 503 1054 535 cum
1083 484 1224 547 priori
1261 499 1309 530 n,
1338 491 1476 540 2140.
1505 492 1644 541 2141.
1674 493 1813 542 2142.
1843 490 1982 541 2143.
2018 492 2158 542 2144.
2188 489 2329 542 2146.

278 566 418 616 2254.
449 564 588 616 2545·

409 653 544 700 Liber
570 667 655 712 nege
681 665 827 695 αιωυος.
901 648 1017 694 Sunt
1039 646 1119 706 qui
1147 644 1431 704 conjungant
1451 659 1555 689 eum
1573 641 1690 689 libro
1718 643 1772 690 de
1790 643 1989 690 carnibus
2015 645 2057 690 &
2079 647 2325 706 principiis.

278 713 562 762 Describitur
586 716 749 760 iterum
785 727 925 758 ovum
961 709 1241 760 humanum,
1287 707 1418 765 quale
1449 707 1704 753 meretrices
1739 708 1954 768 abigunt,
2004 709 2054 753 in
2089 723 2179 766 quo
2211 707 2332 754 fetus

258 772 358 838 *per
391 777 494 825 suos
527 778 739 823 articulos
783 774 1019 820 distinCms
1059 770 1126 818 fit.
1197 771 1333 831 Signa
1372 781 1631 829 conceptus.
1699 770 1810 816 Vita
1844 786 1921 831 per
1958 768 2233 831 septenarios
2263 771 2331 816 di·-

279 840 464 893 stinela,
497 857 600 887 cum
637 839 789 884 eadem
819 838 895 883 illa
927 834 1078 882 severa
1102 833 1327 880 'sententia
1364 845 1524 878 contra
1561 832 1832 881 ostimestres
1857 832 1991 882 fetus.
2059 834 2212 882 Nimis
2249 831 2335 881 fre-

279 917 471 964 quenter
496 901 705 963 seipsum
733 901 865 952 citat,
901 915 998 945 non
1029 897 1218 959 genuini
1240 896 1379 943 libelli
1409 898 1579 942 auctor.

406 998 580 1044 Prodiit
613 1013 717 1044 cum
746 996 910 1043 libellis
941 995 996 1042 de
1020 991 1262 1041 octimestri
1288 994 1330 1039 &
1353 990 1619 1053 septimestri
1637 1004 1784 1053 partu,
1820 1010 1929 1041 cura
1945 994 2332 1047 LALLAMANTH,

280 1060 355 1108 uti
385 1062 596 1108 diximus.

408 1159 462 1203 In
506 1157 632 1203 libris
670 1155 876 1216 praeficis
909 1156 1318 1202 Hnspocnffncxs
1362 1149 1516 1212 paffim
1553 1153 1701 1212 aliqua
1736 1151 1828 1198 huc
1874 1151 2085 1199 facientia
2123 1155 2334 1214 reperias.

279 1221 335 1267 In
367 1220 697 1281 Epidmnicorum
730 1221 780 1265 L.
797 1220 856 1265 ΙΙ.
882 1218 1037 1264 eadem
1069 1233 1196 1263 venre
1219 1232 1337 1262 cavae
1358 1215 1417 1261 est
1442 1214 1653 1268 historia,
1707 1232 1807 1275 quae
1838 1232 1941 1262 cum
1978 1216 2096 1262 libro
2119 1215 2169 1261 de
2193 1216 2337 1273 offlam

279 1296 442 1330 natura
470 1283 652 1342 prodiit,
685 1283 735 1327 in
763 1299 855 1342 quo
875 1282 942 1328 bis
969 1283 1128 1327 arteria
1153 1280 1440 1325 nominatur.
1480 1291 1533 1325 ut
1569 1279 1858 1340 illegitimum
1896 1277 1977 1325 effe
2007 1280 2172 1326 librum
2207 1278 2336 1326 facile

281 1345 559 1407 adgnoscas:
596 1344 712 1391 redit
745 1346 881 1392 etiam
917 1344 1070 1391 eadem
1106 1344 1236 1389 nervi
1275 1343 1424 1388 oetavi
1456 1344 1498 1388 &
1524 1342 1820 1389 intercostalis
1849 1341 2101 1403 descriptio.
2171 1343 2335 1391 GALE-

281 1423 382 1457 Nus.
413 1421 563 1455 tamen
607 1407 686 1454 has
723 1425 860 1454 venas
896 1424 977 1468 pro
1015 1407 1228 1468 legitimis
1260 1405 1398 1452 habet
1428 1407 1779 1453 Hu‘POCRA'rxs
1818 1406 1990 1466 placitis
2026 1405 2135 1466 (y).
2203 1408 2331 1453 Dens

280 1473 436 1532 primae
451 1471 666 1518 vertebrae
679 1471 814 1517 etiam
840 1470 915 1517 hic
933 1470 1213 1517 nominatur.
1281 1470 1337 1515 In
1364 1468 1522 1514 eodem
1545 1470 1661 1515 libro
1686 1470 1745 1515 ΙΙ.
1785 1468 2003 1516 Intestina
2031 1471 2129 1516 cola
2157 1467 2338 1516 homini

280 1533 373 1581 fere
397 1533 440 1581 se
475 1533 638 1581 habere
672 1546 727 1580 ut
758 1535 808 1581 in
837 1550 972 1587 cane,
1023 1545 1235 1580 caeterum
1277 1533 1447 1593 majora
1477 1530 1572 1578 effe.
1657 1533 1722 1578 Ea
1753 1533 1947 1592 pendere
1983 1533 2037 1579 de
2073 1531 2334 1587 mesocolis,

281 1597 363 1645 ista
401 1599 453 1644 de
484 1596 610 1658 spina
654 1614 709 1643 ex
743 1600 910 1644 nervis.
989 1598 1137 1644 Locus
1163 1597 1322 1655 utique
1358 1596 1666 1649 anatoniicu8‚
1714 1594 1975 1642 alieniffima
2011 1595 2110 1642 sede
2136 1594 2334 1657 positus,

282 1661 364 1720 qui
402 1661 789 1721 comparationem
825 1659 1037 1707 humanae
1083 1672 1316 1706 anatomes
1350 1675 1454 1705 cum
1483 1658 1756 1706 animalibus
1786 1661 2005 1706 continet.

409 1757 464 1803 In
489 1757 673 1817 reliquis
697 1757 1033 1819 Epidemicorum
1063 1756 1189 1803 libris
1223 1753 1377 1816 paffim
1413 1757 1564 1816 aliqua
1597 1755 1884 1815 reperiuntur
1907 1755 2101 1809 rariora,
2145 1772 2247 1816 quae
2278 1758 2336 1803 ad

282 1817 585 1881 physiologica
613 1822 870 1881 pertinent,
901 1834 955 1868 ut
977 1819 1159 1867 barbata
1190 1817 1384 1873 femina,
1420 1836 1521 1879 quae
1545 1831 1676 1864 antea
1705 1835 1869 1878 pueros
1894 1820 2066 1870 aluerat
2101 1820 2221 1878 (z).

412 1917 467 1963 In
498 1917 546 1963 L.
565 1917 624 1963 V.
667 1917 842 1964 arteriae
876 1933 902 1962 a
923 1917 1053 1963 venis
1089 1914 1454 1977 distinguuntur,
1506 1926 1561 1962 ut
1592 1915 1665 1961 vel
1706 1931 1759 1961 eo
1797 1912 1924 1977 figno
1967 1915 2136 1964 iterum
2165 1916 2335 1978 adgno-

281 1977 400 2032 sces,
444 1996 539 2026 non
570 1978 650 2026 effe
675 1982 942 2041 genuinum.

407 2075 463 2121 In
488 2076 624 2122 Libro
651 2077 760 2123 VII.
781 2076 1145 2137 Epidemicorum‚
1179 2073 1252 2122 sed
1288 2076 1423 2121 etiam
1459 2091 1552 2133 '‘l'‘
1578 2083 1727 2136 τςοφης
1757 2077 1798 2122 &
1824 2073 1945 2127 alibi,
1978 2074 2066 2120 loci
2090 2072 2195 2122 sunt
2214 2075 2333 2123 Hm-

284 2151 533 2185 POCRATJS
560 2140 614 2185 de
640 2138 952 2194 exhalatione,
990 2157 1091 2201 quae
1122 2138 1178 2186 fit
1204 2156 1260 2186 ex
1290 2155 1407 2186 vena
1429 2139 1598 2194 calida,
1631 2142 1674 2186 &
1698 2139 1752 2185 de
1776 2137 2057 2186 inhalatione
2077 2172 2090 2192 ,
2125 2155 2239 2200 quos
2265 2141 2330 2187 lo—

285 2210 360 2247 cos
394 2203 492 2248 lm..
525 2203 595 2248 vir
615 2201 841 2249 Abraham
871 2205 1064 2251 KAAUW
1088 2204 1283 2264 collegit.

409 2297 464 2344 In
492 2298 628 2344 Libro
655 2299 737 2345 IV.
774 2299 828 2345 de
851 2300 1020 2347 morbis
1045 2301 1190 2346 multa
1213 2298 1304 2346 huc
1335 2300 1580 2360 pertinent.
1669 2300 1831 2347 Semen
1856 2298 1913 2345 ab
1945 2298 2159 2345 omnibus
2195 2302 2330 2359 parti-

282 2361 366 2407 bus
401 2360 621 2414 defluere,
669 2364 711 2408 &
754 2363 808 2408 de
844 2362 1027 2427 lingulis
1064 2365 1300 2423 praecipuis
1344 2363 1613 2410 humoribus
1659 2363 1830 2422 aliquid
1860 2362 1915 2408 ad
1950 2360 2105 2408 semen
2147 2363 2317 2409 venire.

277 2424 508 2471 Humores
530 2437 724 2483 quatuor
756 2424 903 2480 soliti,
951 2424 1026 2472 sed
1059 2442 1137 2472 cor
1172 2424 1275 2472 fons
1309 2425 1567 2488 sanguinis,
1614 2438 1750 2487 caput
1786 2427 1959 2486 pituitae
1981 2460 1994 2479 ‚
2044 2426 2136 2472 lien
2172 2441 2326 2485 aquae,

277 2486 405 2546 jecur
432 2485 561 2532 fellis.
631 2489 813 2548 Singula
840 2506 1007 2550 organa
1031 2488 1164 2536 suum
1188 2489 1427 2537 humorem
1449 2489 1698 2538 adtrahere.
1765 2490 1964 2537 Nullum
2002 2490 2052 2536 in
2089 2491 2328 2549 pulmones
2363 2532 2377 2547 ⁶

277 2548 520 2596 humorem
547 2548 823 2598 descendere.

409 2647 465 2708 In
491 2644 628 2693 Libro
655 2645 690 2692 I.
730 2645 783 2693 de
818 2648 989 2697 morbis
1023 2665 1151 2698 venae
1178 2647 1522 2705 deseribuntur,
1568 2667 1678 2712 quas
1707 2661 1883 2699 veteres
1920 2646 2162 2709 splenicam
2204 2646 2330 2693 dixe-

279 2720 390 2757 runt
416 2711 458 2757 &
481 2708 751 2770 hepaticam.

2191 2805 2324 2854 Liber

331 2966 393 3016 (y)
427 2967 558 3006 placit.
595 2965 800 3010 Hmoeu.
829 2967 863 3008 δι
886 2966 1015 3014 prr-r,
1042 2967 1106 3011 VI.
1137 2984 1169 3012 c.
1198 2982 1230 3020 3,

330 3022 392 3069 (z)
417 3020 590 3070 Epidem.
624 3019 686 3059 Vl.
