2556 3442
851 93 1567 190 stGALENUQ
2175 158 2233 206 Μ

191 271 243 327 in
263 268 459 332 asperam
474 270 682 325 arteriam
707 267 913 315 inflatum
941 280 1038 311 non
1064 274 1296 325 penetrare
1323 267 1374 313 in
1398 265 1499 313 vasa
1528 263 1783 329 sanguinea.
1851 275 2066 334 Spiritum
2087 282 2136 327 in
2155 298 2231 330 σοι

189 333 309 391 trahi
333 351 385 381 eo
419 334 618 381 dilatato.
687 333 869 390 Larynx
891 328 1060 388 &ejus
1091 327 1312 382 musculi,
1346 331 1472 376 utin
1494 330 1939 392 administrationibus.
2026 345 2235 395 Multum

187 395 269 443 fibi
294 399 434 457 Placet
462 398 511 443 ill
544 395 694 448 nervis
718 394 772 439 ab
809 393 970 438 OCtavo
1000 408 1103 451 pare
1129 393 1492 447 recurrentibus,
1531 408 1645 453 quo‘s
1673 394 1852 442 videtur
1875 399 2117 452 invenisse:
2155 425 2229 457 eo,

186 477 290 507 rum
320 473 484 507 metam
521 461 653 506 etiam
683 454 871 508 definit,
906 454 1027 501 unde
1051 455 1269 509 redeunt,
1307 458 1347 503 &
1378 458 1688 516 teleologiam‚
1726 456 1842 505 hanc
1865 461 2058 510 inanem.
2138 471 2228 516 Ali.

189 535 414 584 quantum
452 521 506 568 de
534 533 647 581 potu
679 520 728 564 in
761 516 957 578 asperam
989 519 1199 564 arteriam
1224 519 1393 565 venire.
1463 520 1732 566 Pulmonem
1761 519 2023 582 sanguinem
2052 528 2228 592 refrige.

185 602 310 639 rare,
347 583 556 645 fuligines
581 581 801 628 exhalare.
869 580 1102 627 Brouchos
1135 584 1186 627 in
1208 583 1424 642 pulmone
1447 582 1734 643 imperfectos
1760 583 1854 631 effe.

315 681 411 728 Lib.
440 679 568 725 VIII.
604 677 657 723 de
689 677 885 724 cerebro.
956 677 1138 724 Collum
1167 694 1263 724 non
1292 677 1460 729 habere
1485 680 1721 733 animalia,
1760 679 1840 726 nisi
1855 697 1955 741 quae
1973 684 2233 742 pulmonem

187 744 382 796 habent,
417 744 545 800 (cete
581 742 839 802 ignorat).‚
893 741 1064 787 Contra
1105 744 1503 796 ARISTOTELEM‚
1552 743 1784 789 cerebrum
1817 760 1914 790 non
1950 744 2030 792 effe
2065 745 2235 795 factum

183 819 366 868 propter
397 805 543 852 cordis
573 802 869 864 refrigerium.
938 804 1147 851 Nervum
1174 805 1454 851 auditorium
1485 806 1677 866 linguali
1697 806 1926 853 duriorem
1956 807 2078 856 facit.
2146 813 2234 858 Te·

183 885 295 917 nues
336 869 618 914 membranas
662 868 715 913 de
753 867 964 926 meninge
1004 867 1117 914 dura
1153 885 1231 928 per
1266 866 1442 915 suturas
1482 871 1629 923 exire,
1678 872 1720 916 ἃ
1750 870 2048 930 perieranium
2073 871 2231 921 facere.

183 933 354 980 Iterum
384 930 617 991 inspiratio
641 933 681 978 &
710 929 951 990 exspiratio
978 932 1119 983 aeris,
1153 947 1254 991 quae
1276 931 1330 977 fit
1353 933 1403 977 in
1434 933 1603 978 cerebri
1632 934 1910 980 ventriculis.
1982 936 2233 984 Conarium

182 993 263 1046 effe
298 995 351 1042 de
384 1011 545 1056 genere
570 993 917 1055 glandularum,
971 1011 1070 1053 quae
1107 992 1228 1040 sunt·
1250 996 1300 1040 in
1326 993 1625 1044 divisionibus
1649 995 1887 1050 vasorum,
1936 1013 2096 1059 nempe
2127 1017 2234 1046 con-

183 1059 425 1120 globatam.
492 1057 737 1105 Thalamos
783 1059 955 1117 opticos
1008 1057 1138 1103 dixit.
1209 1058 1340 1104 Vena
1373 1060 1586 1105 GALENI.
1665 1061 1846 1120 Magnae
1887 1063 2079 1109 valvulae
2114 1063 2232 1109 indi.

183 1123 305 1170 cium
339 1121 432 1178 (e).
500 1118 786 1169 Funiculi'in
813 1137 953 1168 nervo
987 1121 1061 1181 pia
1084 1121 1346 1167 membrana
1373 1122 1586 1168 involuti.

312 1219 410 1265 Lib.
443 1219 526 1265 IX.
578 1219 717 1264 Porro
743 1217 796 1262 de
825 1217 1020 1263 cerebrO.
1090 1219 1206 1263 Duae
1235 1218 1320 1264 viae
1347 1218 1523 1278 pituitae
1567 1236 1592 1265 a
1616 1219 1801 1266 cerebro
1833 1221 1888 1267 ad
1923 1238 2083 1276 nare-s,
2130 1224 2231 1271 duae

182 1284 279 1329 aliae
311 1283 359 1327 in
386 1284 581 1341 palatum
610 1282 840 1327 ducentes.
909 1282 1023 1328 Rete
1056 1281 1259 1343 mirabile
1301 1293 1503 1328 accurate
1541 1280 1645 1329 satis
1671 1282 1907 1338 describit,
1948 1297 2003 1332 ut
2030 1284 2074 1332 se
2095 1285 2233 1334 habet

185 1348 234 1392 in
263 1345 533 1392 animalibus
566 1344 918 1390 ruminantibus.
990 1345 1124 1391 Sinus
1149 1356 1281 1390 vocat
1307 1361 1446 1391 venas
1479 1347 1529 1391 in
1567 1347 1875 1393 membranam
1916 1349 2078 1395 duram
2115 1367 2232 1396 rece·

183 1423 294 1470 ptas.
362 1409 623 1455 Nervorum
664 1409 810 1467 paria,
858 1423 955 1452 non
994 1420 1323 1453 connumerato
1363 1410 1535 1468 primo,
1593 1422 1646 1456 ut
1683 1411 1761 1469 qui
1796 1428 1944 1458 ramos
1977 1429 2075 1458 non
2114 1413 2228 1461 edat.

185 1475 358 1524 Iterum
390 1472 485 1516 non
515 1487 683 1517 caecum
709 1469 789 1516 effe
825 1472 1022 1516 canalem
1060 1472 1189 1516 nervi
1220 1472 1465 1525 auditorii,
1505 1471 1578 1518 sed
1615 1474 1868 1533 obliquum.
1957 1477 2138 1523 Nervos
2174 1494 2230 1523 ex

181 1536 376 1582 medulla
405 1533 564 1595 spinali
591 1535 728 1580 duros
758 1533 998 1594 provenire
1021 1568 1033 1587 ,
1076 1551 1131 1579 ex
1165 1536 1346 1581 cerebro
1390 1537 1574 1589 molles,
1620 1538 1722 1583 illos
1759 1538 1813 1582 ad
1849 1550 2028 1585 motum
2052 1541 2227 1593 valere,

180 1598 266 1646 hos
288 1599 342 1644 ad
371 1596 575 1643 sensum:
614 1596 688 1643 sed
713 1611 871 1643 tamen
893 1598 1025 1642 etiam
1052 1614 1216 1644 nervos
1244 1600 1426 1652 molles,
1465 1597 1496 1644 fi
1520 1601 1653 1660 longe
1685 1600 1997 1660 processerint,
2033 1601 2228 1663 denique

177 1663 396 1708 motorios
418 1660 518 1707 fieri
539 1679 550 1706 z
585 1673 638 1707 ut
663 1677 821 1707 eorum
845 1661 983 1720 aliqui
1009 1662 1142 1722 longe
1177 1659 1279 1708 satis
1304 1674 1512 1708 naturam
1538 1661 1738 1712 sensilem
1761 1665 2001 1719 retineant,
2037 1678 2094 1713 ut
2110 1669 2230 1714 octa-

176 1732 263 1773 vus
291 1723 538 1784 (sextus),
578 1725 706 1785 cujus
735 1741 887 1772 ramos
918 1725 1158 1771 GALENUS
1184 1723 1305 1779 facit,
1343 1742 1455 1785 quos
1478 1726 1780 1774 intercostales
1805 1744 2034 1776 vocamus.

182 1873 186 1876 ,
309 1821 410 1869 Lib.
438 1823 499 1868 X.
537 1822 648 1883 (f),
686 1821 739 1867 de
766 1821 935 1874 oeulis,
974 1821 1022 1866 in
1048 1821 1239 1880 quibus,
1279 1824 1318 1868 ἃ
1344 1821 1393 1868 in
1426 1822 1615 1882 opticis‚
1652 1822 1802 1869 noster
1829 1820 1969 1871 fusior
1998 1825 2072 1871 est.
2141 1827 2228 1873 Ite-

177 1901 281 1933 rum
312 1883 553 1945 adgnoscas
582 1886 738 1931 oculos
772 1886 934 1931 ovillos
961 1883 1172 1930 incidiffe.
1242 1886 1362 1931 Nam
1393 1886 1634 1946 ligamenta
1664 1886 1798 1939 dicit,
1830 1904 1930 1947 quae
1954 1902 2057 1935 eant
2077 1906 2101 1935 a
2122 1889 2227 1936 cho-

178 1948 348 1996 rioidea
365 1949 518 1994 tunica
533 1948 588 1994 ad
605 1950 811 2001 retinam,
829 1964 928 2008 quae
945 1950 995 1994 in
1010 1948 1171 1994 ovibus
1183 1946 1289 1994 sunt
1301 1947 1624 2008 permanifesta.
1665 1951 1878 2010 Spiritum
1895 1949 1974 1996 effe
1988 1953 2107 1998 inter
2122 1969 2227 2000 uve-

180 2028 252 2062 am
291 2014 331 2058 ἃ
357 2013 538 2058 lentem.
608 2013 887 2058 Cataractam
918 2012 966 2057 in
993 2009 1183 2057 humore
1205 2028 1348 2071 aqueo
1371 2013 1518 2072 colligi
1548 2031 1561 2064 ;
1610 2029 1792 2072 opacam
1818 2014 1983 2060 lentem
2013 2015 2226 2074 crystalli-

180 2091 286 2121 nam
318 2075 551 2135 glaucoma
579 2073 736 2121 facere.
806 2075 1064 2121 Oculorum
1091 2073 1318 2121 musculos
1348 2076 1481 2123 dicit.
1516 2073 1589 2120 sex
1611 2110 1622 2124 ,
1656 2092 1751 2121 non
1780 2076 1894 2123 dicta
1928 2077 2144 2131 trochlea‚
2183 2082 2225 2126 ἃ

180 2136 414 2197 septimum
443 2155 577 2198 quem
612 2150 742 2198 putes
771 2135 1021 2184 bulbosum
1041 2135 1138 2183 effe.
1206 2139 1336 2184 Duos
1364 2139 1499 2184 etiam
1523 2137 1748 2186 musculos
1773 2140 1984 2200 obliquos
2007 2143 2226 2201 palpebrae

182 2201 356 2252 tribuit.
423 2203 615 2248 Nullum
653 2199 696 2256 se
725 2201 916 2261 reperire
943 2199 1226 2254 musculum,
1266 2204 1344 2261 qui
1369 2202 1543 2247 dicatur
1572 2202 1625 2247 ad
1664 2219 1879 2263 magnum
1906 2207 2123 2265 angulum
2147 2223 2225 2265 po-

183 2263 244 2308 ni.
312 2265 498 2309 Lentem
533 2263 830 2323 crystallinam
863 2276 1043 2310 tantum
1066 2265 1263 2310 anterius
1292 2268 1490 2310 tunicam
1521 2264 1698 2311 habere.
1782 2267 1953 2313 Puncta
1986 2271 2028 2313 &
2063 2269 2225 2320 ductus

181 2327 441 2372 lacrumales
465 2326 615 2374 habet.
682 2329 892 2374 Retinam
922 2326 1251 2387 impressionem
1277 2331 1388 2373 lucis
1415 2327 1591 2374 sentire.
1660 2331 1916 2375 Humorem
1942 2348 2135 2390 aqueum
2162 2334 2226 2379 di-

181 2389 274 2442 xit,
322 2389 445 2448 quod
468 2387 659 2449 spatium
682 2390 869 2436 CELSUS
903 2390 1038 2435 inane
1066 2388 1241 2436 fecerat.
1311 2393 1490 2437 ,ΝΜ-νος
1525 2392 1699 2450 ‹v-pt'icos
1731 2408 1828 2438 non
1849 2394 1914 2438 ire
1941 2395 1990 2439 in
2013 2394 2222 2441 decuffim

181 2452 235 2498 ad
261 2453 374 2498 latus
400 2454 613 2504 alterum,
650 2451 1130 2511 secundumvpriorum
1160 2452 1442 2500 sententiam.
1512 2454 1834 2507 Chorioideam
1860 2459 2061 2503 tunicam
2088 2457 2169 2504 effe
2200 2476 2223 2503 a

178 2516 252 2576 pia
278 2516 448 2562 cerebri
470 2515 741 2561 membrana.
810 2516 996 2562 Arteriae
1021 2516 1189 2562 retinae.

303 2610 404 2658 Lib.
430 2611 517 2657 XI.
566 2612 717 2658 Partes
754 2623 952 2657 externae
979 2609 1110 2658 faciei
1144 2614 1184 2659 &
1210 2615 1379 2672 capitis.
1449 2612 1648 2660 Musculi
1677 2618 1943 2676 temporales
1977 2618 2139 2677 quibus
2173 2620 2218 2663 in

179 2673 447 2721 animalibus
476 2675 663 2720 maximi
688 2673 798 2727 lint,
838 2691 999 2734 nempe
1029 2676 1262 2735 rapacibus
1282 2711 1293 2728 ‚
1333 2676 1511 2723 homini
1540 2680 1581 2724 &
1620 2676 1754 2724 limiae
1787 2682 1979 2726 minimi.
2051 2683 2219 2726 Dentes

181 2739 226 2783 ἃ
257 2753 414 2784 eorum
449 2737 659 2798 aptitudo
690 2750 847 2785 contra
878 2739 1147 2785 Emcumm
1185 2742 1223 2785 ἃ
1264 2740 1636 2787 ΑεειΕΡιΑῡεΜ.
1705 2744 1827 2788 Mira
1856 2744 1904 2788 in
1930 2745 2114 2791 Mosen
2153 2759 2219 2787 ca«

183 2801 382 2853 lumina,
422 2818 522 2860 quae
553 2818 606 2847 eo
626 2803 774 2855 redit,
808 2813 862 2848 ut
889 2802 1023 2847 DEO
1055 2802 1317 2861 potestatem
1344 2805 1578 2856 tribuerit,
1615 2806 1746 2850 etiam
1776 2823 1831 2851 ex
1861 2810 2042 2852 materia
2067 2808 2218 2863 inepta

180 2863 330 2928 aliqua
351 2861 598 2910 fabricandi
621 2883 632 2910 2
678 2865 725 2912 id
747 2877 884 2926 negat
907 2866 1148 2913 GALENUS
1174 2867 1355 2915 DEUM
1381 2865 1524 2927 posse,
1561 2865 1635 2914 sed
1658 2872 1841 2917 materia
1865 2872 1933 2916 uti
1959 2871 2012 2915 ad
2040 2884 2112 2919 ea,
2161 2866 2214 2910 ad

187 2947 194 2950 ³
232 2984 294 3034 (e)
323 2985 444 3035 014.
2118 2944 2216 2987 (μα

235 3038 298 3090 (f)
326 3038 425 3079 Citat
450 3038 514 3086 lib.
546 3043 591 3082 de
619 3039 716 3095 visu.
