2556 3442
335 149 433 215 ‘532
714 148 848 200 zm.
906 151 991 202 vt.
1056 147 1503 201 ANIMALmM
1549 130 2018 200 mersiones,

334 280 542 329 humana
567 278 623 327 ab
646 265 922 329 interfflstali
958 292 1084 336 orta,
1135 279 1401 343 oesophagea
1426 281 1591 341 pariter
1621 279 1676 327 ab
1704 279 1996 327 intercostali.
2078 278 2395 333 Anastomoses

335 347 654 392 arteriolarum
672 345 1008 415 bronchialium
1040 363 1146 394 cum
1173 346 1547 408 pulmonalibus„
1594 346 1794 405 Polypus
1818 347 1990 391 arteriae
2017 342 2212 406 asperae„

469 424 652 490 Epistola
672 428 778 474 V11.
815 430 987 490 EJusD.
1023 429 1160 475 etiam
1189 435 1327 485 1696.
1394 426 1621 475 Processus
1645 444 1670 473 a
1700 429 1772 487 pia
1800 425 2063 473 membrana
2092 427 2144 474 in
2159 428 2396 479 cerebrum

336 491 385 539 ἃ
415 493 687 539 cerebellum
707 491 891 540 immiffi
905 527 918 547 ,
954 494 1036 554 qui
1059 491 1242 540 vascula
1264 494 1316 540 in
1336 505 1583 553 utrumque
1604 492 1860 538 adducunt.

467 575 650 637 Epistola
666 561 797 626 Vm.
832 574 1075 621 Amstelod.
1094 583 1229 632 16-97.
1250 586 1297 633 4.
1360 573 1570 622 Officula
1597 574 1780 621 auditus
1795 590 1897 620 cum
1911 571 2103 621 vasculis
2125 570 2232 622 suis.
2284 574 2396 622 Car-

334 638 581 700 tilaginum
609 636 702 685 nasi
727 652 924 699 quatuor
951 640 1087 698 paria.
1156 640 1344 697 Septum
1374 639 1554 684 narium
1578 654 1684 684 cum
1710 636 1901 685 vasculis
1925 640 1968 685 ἃ
1993 638 2236 700 glandulis.
2303 640 2398 686 Va-

336 700 461 751 scula
472 703 681 765 periostei
695 701 777 750 sub
790 702 1049 749 membrana
1067 699 1256 761 pulpo‘sa
1267 701 1447 747 narium
1460 699 1610 761 positi.
1679 701 1932 749 Arbuscula
1943 700 2393 764 arteriosa‘tympani.

469 786 649 847 Epistola
667 785 756 832 -IX.
791 782 974 829 Andreae
1003 786 1220 830 ottomari
1246 782 1516 830 GOELICKE
1549 782 1767 831 Amsterd.
1790 791 1925 844 1697.
1951 796 1997 844 4.
2065 783 2260 832 Pulchra
2283 784 2402 848 figu-

335 863 389 898 ra
414 853 679 896 arteriarum
713 848 796 908 piae
817 847 1090 892 membranae
1115 846 1297 893 cerebri.
1365 846 1682 893 Arachnoidea
1710 850 1865 894 tunica
1880 883 1892 902 ,
1932 865 2033 909 quae
2056 848 2315 896 cel-lulosam
2333 861 2400 897 te-

333 913 428 962 lam
454 912 630 966 referat,
663 927 810 972 neque
837 909 941 956 vasa
971 909 1148 956 habeat.
1217 910 1406 957 Arteriae
1431 927 1457 957 a
1479 910 1708 971 phrenicis
1731 912 1786 957 ad
1799 910 1936 971 hepar
1966 924 2142 961 euntes.
2209 912 2399 966 Phreni.

335 992 401 1026 cae
425 978 622 1024 minores
647 992 702 1023 ex
729 974 1090 1021 intercostalibus
1113 972 1408 1021 inferioribus
1442 977 1485 1021 &
1511 973 1754 1021 filbclaviis
1779 986 1914 1022 natae.

467 1058 645 1121 Epzstola
679 1058 740 1105 X.
790 1055 1086 1104 Bartholomaei
1117 1057 1416 1105 KEERWOLF
1463 1056 1605 1103 Amst.
1636 1062 1771 1115 1697.
1842 1055 2048 1104 Pulchra:
2088 1056 2199 1105 sunt
2237 1056 2399 1120 figurae

334 1124 511 1177 cordis,
547 1123 792 1175 amiculae,
833 1120 953 1169 finus
981 1121 1154 1176 dextri,
1185 1121 1413 1168 tuberculi
1445 1122 1686 1176 LowERI,
1736 1123 1779 1169 &
1802 1122 2029 1183 pectinata
2061 1122 2244 1169 interna
2278 1124 2399 1171 auri-

334 1190 543 1236 cularum
571 1185 740 1233 fabrica
773 1187 1058 1247 exprimitur.

462 1269 643 1331 Epistola
671 1269 758 1316 XI.
793 1272 840 1325 J.
870 1267 1107 1331 ChristianL
1120 1268 1298 1319 WOLF
1333 1265 1473 1316 Amst.
1495 1273 1631 1325 1698.
1698 1267 1882 1316 PabriCa
1911 1270 1954 1316 ἃ
1982 1268 2257 1317 membranae
2283 1269 2402 1317 inte.
2466 1276 2469 1280 “

333 1332 442 1381 stini
463 1334 616 1380 tenuis
645 1335 688 1380 &
713 1332 839 1380 craffi
864 1353 878 1387 3
920 1335 1117 1381 valvulae
1144 1346 1374 1387 recentes,
1415 1334 1641 1394 glandulae
1672 1331 1901 1381 solitariae.
1972 1337 2154 1396 Spurias
2175 1350 2302 1382 nunc
2322 1351 2406 1382 vo·

332 1410 407 1445 cat
439 1398 674 1459 glandulas
694 1432 706 1451 ,
743 1415 845 1458 quae
872 1415 992 1444 mera
1019 1397 1127 1445 sunt
1152 1396 1330 1444 sinuosa
1347 1397 1467 1444 vasa.

457 1480 640 1542 Epistola
663 1481 771 1528 XII.
814 1479 1040 1528 Michaelis
1071 1484 1175 1528 Ern.
1205 1481 1528 1528 ETTMULLER
1566 1480 1787 1528 Amsterd.
1821 1488 1957 1538 1699.
1985 1478 2080 1541 4.*.
2152 1481 2225 1527 De
2260 1480 2400 1527 variis

330 1542 481 1591 modis
515 1544 750 1591 incidendi
777 1546 962 1592 cerebri.
1035 1545 1210 1591 Contra
1242 1546 1421 1592 corticis
1449 1545 1700 1604 glandulas.
1772 1547 1915 1592 Latex
1933 1546 2298 1593 ventriculorum
2329 1560 2400 1591 ce-

330 1607 467 1656 rebri.
534 1609 674 1656 Varia
696 1611 748 1656 iu
769 1611 1122 1658 VIEUSSENIUM
1161 1610 1357 1656 monita.
1427 1611 1632 1671 Corpora
1665 1611 1960 1671 pyramidalia
1997 1612 2042 1657 ἃ
2082 1610 2235 1656 ovaria
2273 1607 2403 1669 supe-

330 1673 468 1720 riora.
535 1673 728 1721 Pulchra
755 1675 909 1721 tabula
926 1672 1081 1721 baseos
1109 1673 1281 1720 cerebri
1305 1673 1512 1727 humani,
1542 1672 1821 1735 potiffimum
1844 1675 1899 1721 ad
1923 1675 2121 1727 arterias,
2154 1673 2235 1720 ubi
2256 1674 2403 1721 multa

330 1735 512 1791 videas,
564 1755 664 1798 quae
691 1738 842 1785 noster
867 1755 965 1786 non
995 1736 1204 1799 exposuit
1223 1772 1234 1791 ‚
1284 1750 1338 1785 ut
1365 1740 1549 1786 arterias
1581 1740 1816 1792 cerebelli,
1865 1756 2014 1786 ramos
2045 1748 2244 1799 quatuor
2284 1753 2403 1784 cere-

331 1799 478 1849 brales
505 1803 678 1849 arteriae
701 1801 923 1857 bafflaris,
957 1803 1142 1850 arterias
1170 1801 1362 1864 spinales
1386 1821 1399 1848 ι
1448 1804 1685 1850 Arteriolae
1700 1802 1998 1851 subtiliffimae
2026 1802 2206 1850 corticis
2232 1801 2404 1850 cerebri

330 1866 377 1914 ἃ
402 1881 557 1913 earum
583 1865 698 1914 fines
731 1866 922 1929 pulposi.
990 1868 1167 1928 Aliquae
1194 1879 1339 1930 partes
1358 1867 1570 1914 medullae
1598 1868 1858 1930 oblongatae
1889 1870 1976 1920 &a

457 1949 515 1997 In
540 1947 633 1999 fine
656 1951 842 2012 Episzolae
862 1951 1155 2000 Rurscums
1184 1966 1288 1997 cum
1319 1950 1488 1997 RAvio
1515 1949 1568 1997 de
1598 1948 1723 2011 septo
1749 1949 1888 1997 scroti
1908 1950 2073 2012 litigat.

459 2032 640 2093 Epistola
664 2034 796 2081 XIII.
834 2030 1062 2094 Christiani
1092 2033 1328 2086 WEDEL,
1377 2035 1427 2079 G.
1462 2033 1710 2094 lVolfgangi
1741 2033 1789 2078 F.
1839 2031 2136 2079 Amsterdam.
2173 2041 2309 2089 1700.
2349 2043 2400 2091 4.

331 2093 530 2144 Pertinet
550 2096 606 2142 ad
637 2108 880 2143 anatomen
908 2098 1045 2144 oculi.
1115 2098 1221 2143 Pori
1246 2097 1376 2143 nervi
1402 2097 1573 2156 opticit
1613 2094 1839 2143 vorticosa
1854 2094 1954 2142 vasa
1968 2095 2243 2142 chorioideae
2279 2097 2404 2142 tuni-

333 2175 423 2212 cae,
471 2161 665 2207 circulus
709 2162 840 2208 iridis
875 2175 1094 2222 uterque,
1141 2160 1365 2222 process'us
1397 2162 1598 2215 ciliares,
1642 2159 1747 2207 vasa
1780 2164 1943 2221 longa,
1989 2161 2251 2206 membrana
2274 2161 2405 2208 Rur-

333 2237 555 2273 scHIANA
572 2259 583 2278 ‚
620 2223 653 2272 s.
683 2227 850 2272 lamina
873 2226 1067 2273 interior
1093 2226 1262 2273 tunicae
1289 2224 1579 2272 chorioideae.
1648 2223 1767 2272 Vasa
1792 2224 2016 2287 pellucida
2035 2241 2178 2271 uveae.

462 2326 585 2385 Epist.
613 2325 723 2372 XV.
753 2324 928 2373 Alberti
953 2330 1137 2373 Henrici
1156 2326 1375 2374 GRAETZ
1409 2325 1548 2372 Amst.
1573 2338 1709 2384 1704.
1729 2322 1830 2384 4.*.
1897 2327 2207 2373 Mammarum
2233 2323 2406 2373 fabrica

331 2385 577 2435 vasculosa.
644 2390 816 2450 Utique
849 2407 926 2450 per
953 2391 1143 2437 ductum
1172 2389 1446 2438 deferentem
1474 2388 1690 2437 veficulas
1722 2389 1956 2438 seminales
1991 2392 2164 2450 repleri.
2234 2392 2305 2438 De
2329 2397 2405 2451 pe?-

332 2455 405 2499 nis
428 2450 622 2505 fabrica.
658 2453 870 2500 cellulosa
895 2456 985 2503 tela
1008 2454 1310 2508 subcutanea,
1350 2455 1529 2516 papillis
1561 2455 1740 2516 glandis
1770 2456 1924 2516 penis,
1961 2453 2087 2504 fibris
2123 2471 2204 2518 per
2237 2469 2403 2516 corpus

331 2515 633 2564 cavernosum
659 2519 904 2571 euntibus;
947 2536 1135 2580 corpore
1160 2518 1406 2567 cavernoso
1432 2520 1573 2567 unico
1598 2520 1727 2580 penis
1753 2520 1952 2567 balaenae.

463 2614 704 2663 Abrabam
726 2618 906 2667 VATER
929 2654 940 2673 ,
977 2621 1086 2666 inde
1119 2619 1379 2668 Profefforis
1404 2617 1796 2681 Wittebergenfis
1813 2655 1826 2674 ‚
1867 2620 2049 2683 Epistola
2073 2620 2204 2668 XVI.
2260 2618 2400 2669 Amst.

332 2681 864 2806 {ggfigsshx‘itteberg
887 2696 1023 2741 1713.
1039 2687 1135 2745 4.*.
1204 2687 1277 2733 De
1309 2684 1487 2734 fibrillis
1511 2687 1691 2732 nerveis
1713 2686 1882 2732 cerebri
1905 2719 1919 2739 ,
1972 2687 2014 2732 &
2043 2686 2129 2733 viis
2151 2685 2402 2733 reconditis

462 2827 575 2874 Inde
597 2827 647 2875 N
650 2841 807 2876 OSTER
840 2828 958 2889 cepit
984 2827 1204 2890 thesauros
1227 2837 1489 2880 anatomicos
1510 2832 1640 2879 edere
1658 2867 1671 2886 ‚
1707 2832 1965 2892 catalogum
1991 2848 2153 2892 nempe
2172 2831 2402 2879 variarum

331 2892 531 2952 partium
574 2893 776 2953 eorporis
804 2894 1069 2953 plerumque
1107 2893 1325 2950 humani,
1378 2895 1620 2944 artificiose
1658 2908 2039 2956 praeparatorum,
2088 2913 2198 2958 quas
2227 2894 2404 2942 solebat

328 2955 515 3020 publice
538 2956 796 3011 ostendere,
827 2957 1014 3018 adjectis
1046 2961 1287 3007 nonnullis
1314 2962 1525 3008 iconibus
1553 2963 1596 3008 &
1622 2961 1846 3007 rariorum
1873 2960 2059 3009 indicio.
2128 2966 2294 3086 Prime
2315 2958 2406 3007 the-

2277 3040 2403 3071 aurus
