<?xml version="1.0" encoding="UTF-8"?>
<!DOCTYPE html PUBLIC "-//W3C//DTD XHTML 1.0 Transitional//EN"
    "http://www.w3.org/TR/xhtml1/DTD/xhtml1-transitional.dtd">
<html xmlns="http://www.w3.org/1999/xhtml" xml:lang="en" lang="en">
 <head>
  <title>
</title>
<meta http-equiv="Content-Type" content="text/html;charset=utf-8" />
  <meta name='ocr-system' content='tesseract 3.04.00' />
  <meta name='ocr-capabilities' content='ocr_page ocr_carea ocr_par ocr_line ocrx_word'/>
</head>
<body>
  <div class='ocr_page' id='page_1' title='image "bibliothecaanato01hall_0208.png"; bbox 0 0 2556 3442; ppageno 0'>
   <div class='ocr_carea' id='block_1_1' title="bbox 329 139 2116 209">
    <p class='ocr_par' dir='ltr' id='par_1_1' title="bbox 329 139 2116 209">
     <span class='ocr_line' id='line_1_1' title="bbox 329 139 2116 209; baseline -0.001 -11"><span class='ocrx_word' id='word_1_1' title='bbox 329 149 422 209; x_wconf 69' lang='lat'><strong>194</strong></span> <span class='ocrx_word' id='word_1_2' title='bbox 618 143 754 193; x_wconf 69' lang='lat' dir='ltr'><strong>mn.</strong></span> <span class='ocrx_word' id='word_1_3' title='bbox 802 145 891 197; x_wconf 87' lang='lat' dir='ltr'><strong>IV.</strong></span> <span class='ocrx_word' id='word_1_4' title='bbox 958 139 1625 193; x_wconf 79' lang='lat' dir='ltr'>RESTAURATORES</span> <span class='ocrx_word' id='word_1_5' title='bbox 1685 140 2116 196; x_wconf 82' lang='lat' dir='ltr'><strong>ANATOMES.</strong></span> 
     </span>
    </p>
   </div>
   <div class='ocr_carea' id='block_1_2' title="bbox 324 271 2393 470">
    <p class='ocr_par' dir='ltr' id='par_1_2' title="bbox 324 271 2393 470">
     <span class='ocr_line' id='line_1_2' title="bbox 324 271 2390 336; baseline -0 -10"><span class='ocrx_word' id='word_1_6' title='bbox 324 276 496 329; x_wconf 72' lang='lat' dir='ltr'><strong>inserta</strong></span> <span class='ocrx_word' id='word_1_7' title='bbox 515 275 566 324; x_wconf 87' lang='lat' dir='ltr'><strong>in</strong></span> <span class='ocrx_word' id='word_1_8' title='bbox 603 272 814 333; x_wconf 80' lang='lat' dir='ltr'><strong>Francisci</strong></span> <span class='ocrx_word' id='word_1_9' title='bbox 838 273 997 322; x_wconf 71' lang='lat' dir='ltr'>PUTEI</span> <span class='ocrx_word' id='word_1_10' title='bbox 1017 273 1235 335; x_wconf 69' lang='lat' dir='ltr'><strong>apologiae</strong></span> <span class='ocrx_word' id='word_1_11' title='bbox 1261 271 1430 320; x_wconf 88' lang='lat' dir='ltr'><strong>librum</strong></span> <span class='ocrx_word' id='word_1_12' title='bbox 1453 273 1535 320; x_wconf 92' lang='lat' dir='ltr'><strong>III.</strong></span> <span class='ocrx_word' id='word_1_13' title='bbox 1556 289 1650 320; x_wconf 88' lang='lat' dir='ltr'><strong>una</strong></span> <span class='ocrx_word' id='word_1_14' title='bbox 1674 271 1835 320; x_wconf 80' lang='lat' dir='ltr'><strong>excusa</strong></span> <span class='ocrx_word' id='word_1_15' title='bbox 1854 273 1916 320; x_wconf 83' lang='lat' dir='ltr'><strong>cst</strong></span> <span class='ocrx_word' id='word_1_16' title='bbox 1947 274 2113 323; x_wconf 86' lang='lat' dir='ltr'><strong>Venet.</strong></span> <span class='ocrx_word' id='word_1_17' title='bbox 2136 282 2271 336; x_wconf 80' lang='lat'><strong>1562.</strong></span> <span class='ocrx_word' id='word_1_18' title='bbox 2291 277 2390 334; x_wconf 47' lang='lat'><strong>8&#39;1*</strong></span> 
     </span>
     <span class='ocr_line' id='line_1_3' title="bbox 327 339 2393 405; baseline 0 -14"><span class='ocrx_word' id='word_1_19' title='bbox 327 342 494 392; x_wconf 79' lang='lat' dir='ltr'><strong>Tutin.</strong></span> <span class='ocrx_word' id='word_1_20' title='bbox 520 346 655 405; x_wconf 78' lang='lat'><strong>1583.</strong></span> <span class='ocrx_word' id='word_1_21' title='bbox 689 340 840 386; x_wconf 77' lang='lat' dir='ltr'><strong>LIND.</strong></span> <span class='ocrx_word' id='word_1_22' title='bbox 906 339 994 386; x_wconf 88' lang='lat' dir='ltr'><strong>Pro</strong></span> <span class='ocrx_word' id='word_1_23' title='bbox 1021 339 1383 392; x_wconf 72' lang='lat' dir='ltr'>AR18TOTELE‚</span> <span class='ocrx_word' id='word_1_24' title='bbox 1422 351 1581 386; x_wconf 84' lang='lat' dir='ltr'><strong>contra</strong></span> <span class='ocrx_word' id='word_1_25' title='bbox 1609 340 1896 393; x_wconf 62' lang='lat' dir='ltr'><strong>Garanum,</strong></span> <span class='ocrx_word' id='word_1_26' title='bbox 1932 357 2014 387; x_wconf 89' lang='lat' dir='ltr'><strong>cor</strong></span> <span class='ocrx_word' id='word_1_27' title='bbox 2041 340 2247 390; x_wconf 81' lang='lat' dir='ltr'><strong>defendit</strong></span> <span class='ocrx_word' id='word_1_28' title='bbox 2270 346 2393 405; x_wconf 67' lang='lat' dir='ltr'><strong>prin-2</strong></span> 
     </span>
     <span class='ocr_line' id='line_1_4' title="bbox 324 403 1395 470; baseline -0.01 -14"><span class='ocrx_word' id='word_1_29' title='bbox 324 408 503 470; x_wconf 24' lang='lat' dir='ltr'><strong>*cipium</strong></span> <span class='ocrx_word' id='word_1_30' title='bbox 535 403 617 452; x_wconf 85' lang='lat' dir='ltr'><strong>effe</strong></span> <span class='ocrx_word' id='word_1_31' title='bbox 643 418 879 451; x_wconf 85' lang='lat' dir='ltr'><strong>venarum.</strong></span> <span class='ocrx_word' id='word_1_32' title='bbox 939 444 944 450; x_wconf 95' lang='lat'><strong>.</strong></span> <span class='ocrx_word' id='word_1_33' title='bbox 1391 417 1395 420; x_wconf 44' lang='lat'><em>*</em></span> 
     </span>
    </p>
   </div>
   <div class='ocr_carea' id='block_1_3' title="bbox 334 497 2391 630">
    <p class='ocr_par' dir='ltr' id='par_1_3' title="bbox 334 497 2391 630">
     <span class='ocr_line' id='line_1_5' title="bbox 397 497 2391 624; baseline 0.001 -73"><span class='ocrx_word' id='word_1_34' title='bbox 397 575 428 617; x_wconf 86' lang='lat'><em>6</em></span> <span class='ocrx_word' id='word_1_35' title='bbox 457 505 649 624; x_wconf 57' lang='grc' dir='ltr'><em>Αιὲξοηὶθ</em></span> <span class='ocrx_word' id='word_1_36' title='bbox 679 502 997 563; x_wconf 70' lang='lat' dir='ltr'>PELLEGRINI</span> <span class='ocrx_word' id='word_1_37' title='bbox 1019 497 1131 562; x_wconf 74' lang='lat' dir='ltr'><strong>signi</strong></span> <span class='ocrx_word' id='word_1_38' title='bbox 1161 497 1268 548; x_wconf 76' lang='lat' dir='ltr'><strong>della</strong></span> <span class='ocrx_word' id='word_1_39' title='bbox 1295 511 1457 547; x_wconf 71' lang='lat' dir='ltr'><strong>natura</strong></span> <span class='ocrx_word' id='word_1_40' title='bbox 1489 500 1574 548; x_wconf 72' lang='lat' dir='ltr'><strong>neH</strong></span> <span class='ocrx_word' id='word_1_41' title='bbox 1599 518 1721 550; x_wconf 81' lang='lat' dir='ltr'><strong>nomo</strong></span> <span class='ocrx_word' id='word_1_42' title='bbox 1751 501 1924 549; x_wconf 89' lang='lat' dir='ltr'><strong>Venez.</strong></span> <span class='ocrx_word' id='word_1_43' title='bbox 1952 513 2088 563; x_wconf 84' lang='lat'>1545.</span> <span class='ocrx_word' id='word_1_44' title='bbox 2112 506 2175 559; x_wconf 80' lang='lat'><strong>8&#39;.</strong></span> <span class='ocrx_word' id='word_1_45' title='bbox 2203 504 2391 558; x_wconf 64' lang='lat' dir='ltr'><strong>D&#39;ETR.</strong></span> 
     </span>
     <span class='ocr_line' id='line_1_6' title="bbox 334 581 575 630; baseline -0.021 -11"><span class='ocrx_word' id='word_1_46' title='bbox 334 581 390 630; x_wconf 59' lang='grc' dir='ltr'><strong>ις</strong></span> <span class='ocrx_word' id='word_1_47' title='bbox 427 583 472 626; x_wconf 86' lang='lat'><strong>9·</strong></span> <span class='ocrx_word' id='word_1_48' title='bbox 564 603 575 614; x_wconf 93' lang='lat'><strong>.</strong></span> 
     </span>
    </p>
   </div>
   <div class='ocr_carea' id='block_1_4' title="bbox 329 659 2395 795">
    <p class='ocr_par' dir='ltr' id='par_1_4' title="bbox 329 659 2395 795">
     <span class='ocr_line' id='line_1_7' title="bbox 407 659 2395 778; baseline -0.001 -63"><span class='ocrx_word' id='word_1_49' title='bbox 407 683 411 686; x_wconf 55' lang='lat'><strong>⁴</strong></span> <span class='ocrx_word' id='word_1_50' title='bbox 463 670 703 778; x_wconf 57' lang='lat' dir='ltr'><strong>Trattzgpss</strong></span> <span class='ocrx_word' id='word_1_51' title='bbox 719 662 773 710; x_wconf 72' lang='lat' dir='ltr'><strong>de</strong></span> <span class='ocrx_word' id='word_1_52' title='bbox 815 659 1098 722; x_wconf 80' lang='lat' dir='ltr'><strong>Phifionomia</strong></span> <span class='ocrx_word' id='word_1_53' title='bbox 1145 659 1204 709; x_wconf 80' lang='lat' dir='ltr'><strong>da</strong></span> <span class='ocrx_word' id='word_1_54' title='bbox 1247 660 1372 709; x_wconf 76' lang='lat' dir='ltr'><strong>molti</strong></span> <span class='ocrx_word' id='word_1_55' title='bbox 1411 659 1711 724; x_wconf 79' lang='lat' dir='ltr'><strong>sapientzffimi</strong></span> <span class='ocrx_word' id='word_1_56' title='bbox 1756 661 1950 714; x_wconf 72' lang='lat' dir='ltr'><strong>huomini</strong></span> <span class='ocrx_word' id='word_1_57' title='bbox 1994 665 2157 714; x_wconf 77' lang='lat' dir='ltr'><strong>rucolto</strong></span> <span class='ocrx_word' id='word_1_58' title='bbox 2222 664 2395 715; x_wconf 71' lang='lat' dir='ltr'><strong>Veuez,</strong></span> 
     </span>
     <span class='ocr_line' id='line_1_8' title="bbox 329 739 788 795; baseline -0.009 -16"><span class='ocrx_word' id='word_1_59' title='bbox 329 745 469 795; x_wconf 74' lang='lat'><em>1545.</em></span> <span class='ocrx_word' id='word_1_60' title='bbox 507 739 572 789; x_wconf 83' lang='lat'><strong>8⁰.</strong></span> <span class='ocrx_word' id='word_1_61' title='bbox 705 742 788 776; x_wconf 83' lang='lat' dir='ltr'><strong>TR.</strong></span> 
     </span>
    </p>
   </div>
   <div class='ocr_carea' id='block_1_5' title="bbox 893 852 1811 917">
    <p class='ocr_par' dir='ltr' id='par_1_5' title="bbox 893 852 1811 917">
     <span class='ocr_line' id='line_1_9' title="bbox 893 852 1811 917; baseline 0.001 -15"><span class='ocrx_word' id='word_1_62' title='bbox 893 852 942 911; x_wconf 65' lang='grc' dir='ltr'><strong>ς.</strong></span> <span class='ocrx_word' id='word_1_63' title='bbox 975 853 1231 902; x_wconf 87' lang='lat' dir='ltr'><strong>CLXXI.</strong></span> <span class='ocrx_word' id='word_1_64' title='bbox 1330 854 1375 917; x_wconf 80' lang='lat' dir='ltr'><strong>J.</strong></span> <span class='ocrx_word' id='word_1_65' title='bbox 1413 853 1462 901; x_wconf 89' lang='lat' dir='ltr'><strong>P.</strong></span> <span class='ocrx_word' id='word_1_66' title='bbox 1497 854 1811 905; x_wconf 68' lang='lat' dir='ltr'><strong>INGRAssms.</strong></span> 
     </span>
    </p>
   </div>
   <div class='ocr_carea' id='block_1_6' title="bbox 325 984 2399 1890">
    <p class='ocr_par' dir='ltr' id='par_1_6' title="bbox 325 984 2399 1890">
     <span class='ocr_line' id='line_1_10' title="bbox 463 984 2395 1051; baseline 0 -13"><span class='ocrx_word' id='word_1_67' title='bbox 463 996 510 1048; x_wconf 89' lang='lat' dir='ltr'><strong>J.</strong></span> <span class='ocrx_word' id='word_1_68' title='bbox 540 987 762 1051; x_wconf 74' lang='lat' dir='ltr'><em>Philippus</em></span> <span class='ocrx_word' id='word_1_69' title='bbox 791 986 1120 1039; x_wconf 73' lang='lat' dir='ltr'><strong>INGRASSIAS,</strong></span> <span class='ocrx_word' id='word_1_70' title='bbox 1153 984 1529 1033; x_wconf 82' lang='lat' dir='ltr'><strong>Rachalbutenfis</strong></span> <span class='ocrx_word' id='word_1_71' title='bbox 1552 985 1718 1035; x_wconf 86' lang='lat' dir='ltr'><strong>ficulus</strong></span> <span class='ocrx_word' id='word_1_72' title='bbox 1750 985 1856 1048; x_wconf 78' lang='lat' dir='ltr'><strong>(h),</strong></span> <span class='ocrx_word' id='word_1_73' title='bbox 1892 986 2081 1035; x_wconf 78' lang='lat' dir='ltr'><strong>celebris</strong></span> <span class='ocrx_word' id='word_1_74' title='bbox 2105 988 2314 1037; x_wconf 85' lang='lat' dir='ltr'><strong>Medicus</strong></span> <span class='ocrx_word' id='word_1_75' title='bbox 2351 992 2395 1039; x_wconf 64' lang='grc' dir='ltr'><strong>ἅτ</strong></span> 
     </span>
     <span class='ocr_line' id='line_1_11' title="bbox 329 1050 2393 1113; baseline -0.003 -6"><span class='ocrx_word' id='word_1_76' title='bbox 329 1069 560 1108; x_wconf 74' lang='lat' dir='ltr'><strong>anatomes</strong></span> <span class='ocrx_word' id='word_1_77' title='bbox 590 1050 810 1102; x_wconf 66' lang='lat' dir='ltr'><strong>Professor</strong></span> <span class='ocrx_word' id='word_1_78' title='bbox 839 1052 1202 1112; x_wconf 85' lang='lat' dir='ltr'><strong>Neapolitanus,</strong></span> <span class='ocrx_word' id='word_1_79' title='bbox 1251 1050 1333 1097; x_wconf 89' lang='lat' dir='ltr'><strong>ubi</strong></span> <span class='ocrx_word' id='word_1_80' title='bbox 1371 1050 1517 1097; x_wconf 87' lang='lat' dir='ltr'><strong>statua</strong></span> <span class='ocrx_word' id='word_1_81' title='bbox 1552 1050 1634 1111; x_wconf 82' lang='lat' dir='ltr'><strong>ipsi</strong></span> <span class='ocrx_word' id='word_1_82' title='bbox 1664 1055 1807 1098; x_wconf 60' lang='lat' dir='ltr'><strong>erecta</strong></span> <span class='ocrx_word' id='word_1_83' title='bbox 1830 1050 1947 1106; x_wconf 83' lang='lat' dir='ltr'><strong>fuit,</strong></span> <span class='ocrx_word' id='word_1_84' title='bbox 2001 1052 2192 1113; x_wconf 83' lang='lat' dir='ltr'><strong>stapedis</strong></span> <span class='ocrx_word' id='word_1_85' title='bbox 2224 1071 2393 1109; x_wconf 84' lang='lat' dir='ltr'><strong>verus,</strong></span> 
     </span>
     <span class='ocr_line' id='line_1_12' title="bbox 327 1112 2393 1179; baseline -0.002 -9"><span class='ocrx_word' id='word_1_86' title='bbox 327 1123 437 1171; x_wconf 76' lang='lat' dir='ltr'><strong>teste</strong></span> <span class='ocrx_word' id='word_1_87' title='bbox 462 1122 721 1168; x_wconf 75' lang='lat' dir='ltr'>FALLOPIO</span> <span class='ocrx_word' id='word_1_88' title='bbox 741 1151 755 1171; x_wconf 93' lang='lat'><strong>,</strong></span> <span class='ocrx_word' id='word_1_89' title='bbox 790 1117 1039 1170; x_wconf 80' lang='lat' dir='ltr'><strong>inventor,</strong></span> <span class='ocrx_word' id='word_1_90' title='bbox 1077 1114 1213 1162; x_wconf 85' lang='lat' dir='ltr'><strong>etiam</strong></span> <span class='ocrx_word' id='word_1_91' title='bbox 1238 1112 1537 1162; x_wconf 78' lang='lat' dir='ltr'><strong>veficularum</strong></span> <span class='ocrx_word' id='word_1_92' title='bbox 1556 1114 1871 1169; x_wconf 80' lang='lat' dir='ltr'><strong>seminalium,</strong></span> <span class='ocrx_word' id='word_1_93' title='bbox 1910 1114 1988 1163; x_wconf 85' lang='lat' dir='ltr'><strong>etfi</strong></span> <span class='ocrx_word' id='word_1_94' title='bbox 2018 1118 2171 1164; x_wconf 90' lang='lat' dir='ltr'><strong>locum</strong></span> <span class='ocrx_word' id='word_1_95' title='bbox 2198 1120 2361 1179; x_wconf 88' lang='lat' dir='ltr'><strong>ignoro</strong></span> <span class='ocrx_word' id='word_1_96' title='bbox 2378 1153 2393 1173; x_wconf 92' lang='lat'><strong>,</strong></span> 
     </span>
     <span class='ocr_line' id='line_1_13' title="bbox 327 1179 2396 1249; baseline -0.002 -15"><span class='ocrx_word' id='word_1_97' title='bbox 327 1204 423 1249; x_wconf 87' lang='lat' dir='ltr'><strong>quo</strong></span> <span class='ocrx_word' id='word_1_98' title='bbox 450 1186 498 1234; x_wconf 86' lang='lat' dir='ltr'><strong>id</strong></span> <span class='ocrx_word' id='word_1_99' title='bbox 519 1186 763 1232; x_wconf 84' lang='lat' dir='ltr'><strong>inventum</strong></span> <span class='ocrx_word' id='word_1_100' title='bbox 788 1180 1056 1242; x_wconf 85' lang='lat' dir='ltr'><strong>publicavit.</strong></span> <span class='ocrx_word' id='word_1_101' title='bbox 1136 1179 1300 1228; x_wconf 76' lang='lat' dir='ltr'><strong>Siciliae</strong></span> <span class='ocrx_word' id='word_1_102' title='bbox 1324 1179 1380 1226; x_wconf 87' lang='lat' dir='ltr'><strong>ab</strong></span> <span class='ocrx_word' id='word_1_103' title='bbox 1407 1195 1529 1225; x_wconf 89' lang='lat' dir='ltr'><strong>anno</strong></span> <span class='ocrx_word' id='word_1_104' title='bbox 1562 1187 1698 1238; x_wconf 81' lang='lat'><strong>1563.</strong></span> <span class='ocrx_word' id='word_1_105' title='bbox 1724 1180 1972 1233; x_wconf 81' lang='lat' dir='ltr'><strong>archiater,</strong></span> <span class='ocrx_word' id='word_1_106' title='bbox 2006 1197 2142 1240; x_wconf 87' lang='lat' dir='ltr'><strong>porro</strong></span> <span class='ocrx_word' id='word_1_107' title='bbox 2180 1182 2396 1229; x_wconf 84' lang='lat' dir='ltr'><strong>Panormi</strong></span> 
     </span>
     <span class='ocr_line' id='line_1_14' title="bbox 329 1244 2392 1298; baseline -0.003 0"><span class='ocrx_word' id='word_1_108' title='bbox 329 1253 464 1298; x_wconf 83' lang='lat' dir='ltr'><strong>vixit.</strong></span> <span class='ocrx_word' id='word_1_109' title='bbox 535 1250 725 1297; x_wconf 82' lang='lat' dir='ltr'><strong>Severus</strong></span> <span class='ocrx_word' id='word_1_110' title='bbox 760 1245 1032 1292; x_wconf 89' lang='lat' dir='ltr'><strong>eruditionis</strong></span> <span class='ocrx_word' id='word_1_111' title='bbox 1058 1247 1239 1291; x_wconf 70' lang='lat' dir='ltr'><strong>exactor</strong></span> <span class='ocrx_word' id='word_1_112' title='bbox 1268 1245 1500 1290; x_wconf 88' lang='lat' dir='ltr'><strong>neminem</strong></span> <span class='ocrx_word' id='word_1_113' title='bbox 1535 1244 1591 1291; x_wconf 82' lang='lat' dir='ltr'><strong>ad</strong></span> <span class='ocrx_word' id='word_1_114' title='bbox 1613 1244 1890 1291; x_wconf 77' lang='lat' dir='ltr'><strong>medicinam</strong></span> <span class='ocrx_word' id='word_1_115' title='bbox 1919 1245 2215 1292; x_wconf 83' lang='lat' dir='ltr'><strong>exercendam</strong></span> <span class='ocrx_word' id='word_1_116' title='bbox 2250 1245 2392 1292; x_wconf 84' lang='lat' dir='ltr'><strong>admi-</strong></span> 
     </span>
     <span class='ocr_line' id='line_1_15' title="bbox 329 1306 2398 1373; baseline -0.002 -11"><span class='ocrx_word' id='word_1_117' title='bbox 329 1315 412 1368; x_wconf 87' lang='lat' dir='ltr'><strong>fit,</strong></span> <span class='ocrx_word' id='word_1_118' title='bbox 450 1311 532 1360; x_wconf 66' lang='lat' dir='ltr'><strong>nisi</strong></span> <span class='ocrx_word' id='word_1_119' title='bbox 563 1312 742 1373; x_wconf 84' lang='lat' dir='ltr'><strong>publice</strong></span> <span class='ocrx_word' id='word_1_120' title='bbox 763 1309 959 1356; x_wconf 78' lang='lat' dir='ltr'><strong>medicas</strong></span> <span class='ocrx_word' id='word_1_121' title='bbox 991 1306 1304 1356; x_wconf 76' lang='lat' dir='ltr'><strong>conclusiones</strong></span> <span class='ocrx_word' id='word_1_122' title='bbox 1332 1307 1666 1370; x_wconf 69' lang='lat' dir='ltr'><strong>propugnasset,</strong></span> <span class='ocrx_word' id='word_1_123' title='bbox 1708 1310 1966 1356; x_wconf 84' lang='lat' dir='ltr'><strong>Anatomen</strong></span> <span class='ocrx_word' id='word_1_124' title='bbox 1992 1322 2112 1357; x_wconf 88' lang='lat' dir='ltr'><strong>certe</strong></span> <span class='ocrx_word' id='word_1_125' title='bbox 2131 1310 2271 1357; x_wconf 85' lang='lat' dir='ltr'><strong>unius</strong></span> <span class='ocrx_word' id='word_1_126' title='bbox 2299 1325 2398 1357; x_wconf 87' lang='lat' dir='ltr'><strong>cor-</strong></span> 
     </span>
     <span class='ocr_line' id='line_1_16' title="bbox 329 1372 2399 1441; baseline -0.003 -15"><span class='ocrx_word' id='word_1_127' title='bbox 329 1381 452 1441; x_wconf 85' lang='lat' dir='ltr'><strong>poris</strong></span> <span class='ocrx_word' id='word_1_128' title='bbox 480 1376 671 1424; x_wconf 83' lang='lat' dir='ltr'><strong>humani</strong></span> <span class='ocrx_word' id='word_1_129' title='bbox 694 1378 745 1423; x_wconf 87' lang='lat' dir='ltr'><strong>in</strong></span> <span class='ocrx_word' id='word_1_130' title='bbox 769 1373 969 1435; x_wconf 85' lang='lat' dir='ltr'><strong>fingulos</strong></span> <span class='ocrx_word' id='word_1_131' title='bbox 994 1390 1139 1421; x_wconf 80' lang='lat' dir='ltr'><strong>annos</strong></span> <span class='ocrx_word' id='word_1_132' title='bbox 1167 1375 1447 1434; x_wconf 81' lang='lat' dir='ltr'><strong>procuravit.</strong></span> <span class='ocrx_word' id='word_1_133' title='bbox 1516 1375 1573 1420; x_wconf 90' lang='lat' dir='ltr'><strong>In</strong></span> <span class='ocrx_word' id='word_1_134' title='bbox 1600 1372 1716 1434; x_wconf 84' lang='lat' dir='ltr'><strong>peste</strong></span> <span class='ocrx_word' id='word_1_135' title='bbox 1742 1374 2066 1420; x_wconf 84' lang='lat' dir='ltr'><strong>Panormitana</strong></span> <span class='ocrx_word' id='word_1_136' title='bbox 2101 1374 2274 1435; x_wconf 84' lang='lat' dir='ltr'><strong>primus</strong></span> <span class='ocrx_word' id='word_1_137' title='bbox 2293 1375 2399 1422; x_wconf 90' lang='lat' dir='ltr'><strong>Tri-</strong></span> 
     </span>
     <span class='ocr_line' id='line_1_17' title="bbox 327 1436 2396 1498; baseline -0.002 -7"><span class='ocrx_word' id='word_1_138' title='bbox 327 1443 510 1492; x_wconf 86' lang='lat' dir='ltr'><strong>bunalis</strong></span> <span class='ocrx_word' id='word_1_139' title='bbox 549 1441 605 1488; x_wconf 88' lang='lat' dir='ltr'><strong>ad</strong></span> <span class='ocrx_word' id='word_1_140' title='bbox 639 1439 800 1487; x_wconf 87' lang='lat' dir='ltr'><strong>urbem</strong></span> <span class='ocrx_word' id='word_1_141' title='bbox 839 1436 1194 1486; x_wconf 84' lang='lat' dir='ltr'><strong>conservandam</strong></span> <span class='ocrx_word' id='word_1_142' title='bbox 1233 1437 1434 1484; x_wconf 83' lang='lat' dir='ltr'><strong>instituti</strong></span> <span class='ocrx_word' id='word_1_143' title='bbox 1470 1436 1731 1491; x_wconf 83' lang='lat' dir='ltr'><strong>consultor,</strong></span> <span class='ocrx_word' id='word_1_144' title='bbox 1781 1436 2056 1498; x_wconf 84' lang='lat' dir='ltr'><strong>stipendium</strong></span> <span class='ocrx_word' id='word_1_145' title='bbox 2099 1436 2396 1486; x_wconf 83' lang='lat' dir='ltr'><strong>lautiffimum</strong></span> 
     </span>
     <span class='ocr_line' id='line_1_18' title="bbox 326 1500 2391 1569; baseline -0.002 -14"><span class='ocrx_word' id='word_1_146' title='bbox 326 1524 495 1569; x_wconf 82' lang='lat' dir='ltr'><strong>magno</strong></span> <span class='ocrx_word' id='word_1_147' title='bbox 538 1505 692 1553; x_wconf 86' lang='lat' dir='ltr'><strong>animo</strong></span> <span class='ocrx_word' id='word_1_148' title='bbox 731 1503 900 1566; x_wconf 73' lang='lat' dir='ltr'><strong>rejecit.</strong></span> <span class='ocrx_word' id='word_1_149' title='bbox 983 1500 1162 1551; x_wconf 86' lang='lat' dir='ltr'>Effoffis</span> <span class='ocrx_word' id='word_1_150' title='bbox 1209 1503 1402 1563; x_wconf 87' lang='lat' dir='ltr'><strong>papireti</strong></span> <span class='ocrx_word' id='word_1_151' title='bbox 1439 1503 1568 1563; x_wconf 88' lang='lat' dir='ltr'><strong>aquis</strong></span> <span class='ocrx_word' id='word_1_152' title='bbox 1602 1500 1858 1549; x_wconf 80' lang='lat' dir='ltr'><strong>salubritati</strong></span> <span class='ocrx_word' id='word_1_153' title='bbox 1905 1502 2098 1562; x_wconf 76' lang='lat' dir='ltr'><strong>publicae</strong></span> <span class='ocrx_word' id='word_1_154' title='bbox 2141 1501 2391 1564; x_wconf 86' lang='lat' dir='ltr'><strong>prospexit.</strong></span> 
     </span>
     <span class='ocr_line' id='line_1_19' title="bbox 330 1565 2399 1630; baseline -0.003 -10"><span class='ocrx_word' id='word_1_155' title='bbox 330 1572 470 1620; x_wconf 84' lang='lat' dir='ltr'><strong>Obiit</strong></span> <span class='ocrx_word' id='word_1_156' title='bbox 493 1587 615 1617; x_wconf 87' lang='lat' dir='ltr'><strong>anno</strong></span> <span class='ocrx_word' id='word_1_157' title='bbox 644 1575 781 1628; x_wconf 86' lang='lat'><strong>1580.</strong></span> <span class='ocrx_word' id='word_1_158' title='bbox 851 1566 1007 1616; x_wconf 78' lang='lat' dir='ltr'><strong>Edidit</strong></span> <span class='ocrx_word' id='word_1_159' title='bbox 1035 1584 1157 1614; x_wconf 89' lang='lat' dir='ltr'><strong>anno</strong></span> <span class='ocrx_word' id='word_1_160' title='bbox 1189 1578 1325 1627; x_wconf 78' lang='lat'><strong>1544.</strong></span> <span class='ocrx_word' id='word_1_161' title='bbox 1355 1578 1411 1614; x_wconf 88' lang='lat' dir='ltr'><strong>ut</strong></span> <span class='ocrx_word' id='word_1_162' title='bbox 1437 1565 1552 1614; x_wconf 91' lang='lat' dir='ltr'><strong>mihi</strong></span> <span class='ocrx_word' id='word_1_163' title='bbox 1580 1565 1766 1627; x_wconf 84' lang='lat' dir='ltr'><strong>quidem</strong></span> <span class='ocrx_word' id='word_1_164' title='bbox 1793 1566 2003 1622; x_wconf 79' lang='lat' dir='ltr'><strong>videtur,</strong></span> <span class='ocrx_word' id='word_1_165' title='bbox 2046 1568 2399 1630; x_wconf 78' lang='lat' dir='ltr'><strong>Jatrapologiam</strong></span> 
     </span>
     <span class='ocr_line' id='line_1_20' title="bbox 325 1630 2399 1696; baseline -0.002 -12"><span class='ocrx_word' id='word_1_166' title='bbox 325 1637 530 1696; x_wconf 73' lang='lat' dir='ltr'><strong>adverfits</strong></span> <span class='ocrx_word' id='word_1_167' title='bbox 563 1633 775 1682; x_wconf 82' lang='lat' dir='ltr'><strong>barbaros</strong></span> <span class='ocrx_word' id='word_1_168' title='bbox 801 1631 982 1680; x_wconf 83' lang='lat' dir='ltr'><strong>medicos</strong></span> <span class='ocrx_word' id='word_1_169' title='bbox 1010 1632 1218 1679; x_wconf 88' lang='lat' dir='ltr'><strong>Venetiis</strong></span> <span class='ocrx_word' id='word_1_170' title='bbox 1244 1630 1454 1679; x_wconf 83' lang='lat' dir='ltr'><strong>excusam</strong></span> <span class='ocrx_word' id='word_1_171' title='bbox 1485 1630 1617 1686; x_wconf 71' lang='lat'><strong>8.⁶.*.</strong></span> <span class='ocrx_word' id='word_1_172' title='bbox 1685 1631 1902 1691; x_wconf 79' lang='lat' dir='ltr'><strong>Pleraque</strong></span> <span class='ocrx_word' id='word_1_173' title='bbox 1932 1633 2125 1691; x_wconf 66' lang='lat' dir='ltr'><strong>practica</strong></span> <span class='ocrx_word' id='word_1_174' title='bbox 2150 1630 2274 1679; x_wconf 86' lang='lat' dir='ltr'><strong>sunt.</strong></span> <span class='ocrx_word' id='word_1_175' title='bbox 2340 1631 2399 1679; x_wconf 89' lang='lat' dir='ltr'><strong>In</strong></span> 
     </span>
     <span class='ocr_line' id='line_1_21' title="bbox 326 1695 2399 1757; baseline -0.002 -9"><span class='ocrx_word' id='word_1_176' title='bbox 326 1701 601 1748; x_wconf 78' lang='lat' dir='ltr'><strong>duodecimo</strong></span> <span class='ocrx_word' id='word_1_177' title='bbox 625 1710 779 1746; x_wconf 85' lang='lat' dir='ltr'><strong>tamen</strong></span> <span class='ocrx_word' id='word_1_178' title='bbox 810 1695 1172 1744; x_wconf 81' lang='lat' dir='ltr'><strong>adversariorum</strong></span> <span class='ocrx_word' id='word_1_179' title='bbox 1207 1713 1360 1743; x_wconf 84' lang='lat' dir='ltr'><strong>errore</strong></span> <span class='ocrx_word' id='word_1_180' title='bbox 1400 1709 1490 1743; x_wconf 85' lang='lat' dir='ltr'><strong>tres</strong></span> <span class='ocrx_word' id='word_1_181' title='bbox 1524 1695 1736 1757; x_wconf 79' lang='lat' dir='ltr'><strong>spirituS,</strong></span> <span class='ocrx_word' id='word_1_182' title='bbox 1788 1708 1879 1742; x_wconf 88' lang='lat' dir='ltr'><strong>tres</strong></span> <span class='ocrx_word' id='word_1_183' title='bbox 1910 1695 2173 1744; x_wconf 83' lang='lat' dir='ltr'><strong>diffluentes</strong></span> <span class='ocrx_word' id='word_1_184' title='bbox 2201 1698 2399 1744; x_wconf 57' lang='lat' dir='ltr'><strong>virtutes</strong></span> 
     </span>
     <span class='ocr_line' id='line_1_22' title="bbox 327 1759 2398 1825; baseline -0.002 -12"><span class='ocrx_word' id='word_1_185' title='bbox 327 1783 357 1813; x_wconf 81' lang='lat' dir='ltr'><strong>a</strong></span> <span class='ocrx_word' id='word_1_186' title='bbox 384 1766 528 1813; x_wconf 87' lang='lat' dir='ltr'><strong>tribus</strong></span> <span class='ocrx_word' id='word_1_187' title='bbox 554 1763 789 1825; x_wconf 84' lang='lat' dir='ltr'><strong>principiis</strong></span> <span class='ocrx_word' id='word_1_188' title='bbox 819 1761 917 1823; x_wconf 90' lang='lat' dir='ltr'><strong>post</strong></span> <span class='ocrx_word' id='word_1_189' title='bbox 946 1764 1274 1810; x_wconf 77' lang='lat' dir='ltr'>AVERRHOEM</span> <span class='ocrx_word' id='word_1_190' title='bbox 1302 1773 1502 1822; x_wconf 88' lang='lat' dir='ltr'><strong>receptas</strong></span> <span class='ocrx_word' id='word_1_191' title='bbox 1530 1759 1765 1807; x_wconf 83' lang='lat' dir='ltr'><strong>refutavit.</strong></span> <span class='ocrx_word' id='word_1_192' title='bbox 1834 1760 1892 1806; x_wconf 88' lang='lat' dir='ltr'><strong>In</strong></span> <span class='ocrx_word' id='word_1_193' title='bbox 1916 1764 2078 1809; x_wconf 83' lang='lat' dir='ltr'><strong>Errore</strong></span> <span class='ocrx_word' id='word_1_194' title='bbox 2113 1773 2184 1819; x_wconf 81' lang='lat'><strong>13.</strong></span> <span class='ocrx_word' id='word_1_195' title='bbox 2224 1778 2302 1809; x_wconf 86' lang='lat' dir='ltr'><strong>eos</strong></span> <span class='ocrx_word' id='word_1_196' title='bbox 2330 1777 2398 1808; x_wconf 69' lang='lat' dir='ltr'><strong>re-</strong></span> 
     </span>
     <span class='ocr_line' id='line_1_23' title="bbox 326 1823 1810 1890; baseline -0.005 -12"><span class='ocrx_word' id='word_1_197' title='bbox 326 1828 471 1884; x_wconf 77' lang='lat' dir='ltr'><strong>fellit,</strong></span> <span class='ocrx_word' id='word_1_198' title='bbox 508 1829 590 1890; x_wconf 88' lang='lat' dir='ltr'><strong>qui</strong></span> <span class='ocrx_word' id='word_1_199' title='bbox 613 1825 824 1889; x_wconf 84' lang='lat' dir='ltr'><strong>spiritum</strong></span> <span class='ocrx_word' id='word_1_200' title='bbox 859 1826 1046 1874; x_wconf 83' lang='lat' dir='ltr'><strong>alterius</strong></span> <span class='ocrx_word' id='word_1_201' title='bbox 1074 1824 1258 1887; x_wconf 83' lang='lat' dir='ltr'><strong>spiritus</strong></span> <span class='ocrx_word' id='word_1_202' title='bbox 1293 1824 1560 1872; x_wconf 86' lang='lat' dir='ltr'><strong>vehiculum</strong></span> <span class='ocrx_word' id='word_1_203' title='bbox 1593 1823 1810 1872; x_wconf 85' lang='lat' dir='ltr'><strong>fecerant.</strong></span> 
     </span>
    </p>
   </div>
   <div class='ocr_carea' id='block_1_7' title="bbox 328 1921 2399 2108">
    <p class='ocr_par' dir='ltr' id='par_1_7' title="bbox 328 1921 2399 2108">
     <span class='ocr_line' id='line_1_24' title="bbox 457 1921 2399 1990; baseline -0.003 -14"><span class='ocrx_word' id='word_1_204' title='bbox 457 1929 696 1990; x_wconf 77' lang='lat' dir='ltr'><strong>EJUSDEM</strong></span> <span class='ocrx_word' id='word_1_205' title='bbox 731 1935 920 1971; x_wconf 68' lang='lat' dir='ltr'><strong>trattati)</strong></span> <span class='ocrx_word' id='word_1_206' title='bbox 952 1923 1000 1970; x_wconf 81' lang='lat' dir='ltr'><strong>di</strong></span> <span class='ocrx_word' id='word_1_207' title='bbox 1036 1923 1118 1971; x_wconf 80' lang='lat' dir='ltr'><strong>due</strong></span> <span class='ocrx_word' id='word_1_208' title='bbox 1152 1925 1295 1985; x_wconf 85' lang='lat' dir='ltr'><strong>mostri</strong></span> <span class='ocrx_word' id='word_1_209' title='bbox 1324 1927 1422 1971; x_wconf 78' lang='lat' dir='ltr'><strong>nati</strong></span> <span class='ocrx_word' id='word_1_210' title='bbox 1462 1927 1508 1971; x_wconf 85' lang='lat' dir='ltr'><strong>in</strong></span> <span class='ocrx_word' id='word_1_211' title='bbox 1543 1923 1742 1972; x_wconf 84' lang='lat' dir='ltr'><strong>Palermo</strong></span> <span class='ocrx_word' id='word_1_212' title='bbox 1774 1927 1819 1970; x_wconf 80' lang='lat' dir='ltr'><strong>in</strong></span> <span class='ocrx_word' id='word_1_213' title='bbox 1858 1921 2019 1982; x_wconf 77' lang='lat' dir='ltr'><strong>diversi</strong></span> <span class='ocrx_word' id='word_1_214' title='bbox 2056 1927 2186 1986; x_wconf 86' lang='lat' dir='ltr'><strong>tempi</strong></span> <span class='ocrx_word' id='word_1_215' title='bbox 2215 1922 2299 1983; x_wconf 79' lang='lat' dir='ltr'><strong>vtfi</strong></span> <span class='ocrx_word' id='word_1_216' title='bbox 2322 1940 2399 1972; x_wconf 74' lang='lat' dir='ltr'><strong>con</strong></span> 
     </span>
     <span class='ocr_line' id='line_1_25' title="bbox 328 1987 2397 2108; baseline -0.001 -70"><span class='ocrx_word' id='word_1_217' title='bbox 328 1997 674 2108; x_wconf 53' lang='lat' dir='ltr'><strong>fflggionamento</strong></span> <span class='ocrx_word' id='word_1_218' title='bbox 700 1990 822 2054; x_wconf 83' lang='lat' dir='ltr'><strong>fatto</strong></span> <span class='ocrx_word' id='word_1_219' title='bbox 840 1988 975 2052; x_wconf 85' lang='lat' dir='ltr'><strong>sopra</strong></span> <span class='ocrx_word' id='word_1_220' title='bbox 1007 1989 1044 2036; x_wconf 83' lang='lat' dir='ltr'><strong>l’</strong></span> <span class='ocrx_word' id='word_1_221' title='bbox 1069 1991 1279 2053; x_wconf 72' lang='lat' dir='ltr'><strong>infirmitd</strong></span> <span class='ocrx_word' id='word_1_222' title='bbox 1300 1988 1530 2052; x_wconf 83' lang='lat' dir='ltr'><strong>epidemica</strong></span> <span class='ocrx_word' id='word_1_223' title='bbox 1554 1987 1638 2036; x_wconf 83' lang='lat' dir='ltr'><strong>dell</strong></span> <span class='ocrx_word' id='word_1_224' title='bbox 1651 2005 1763 2036; x_wconf 86' lang='lat' dir='ltr'><strong>anno</strong></span> <span class='ocrx_word' id='word_1_225' title='bbox 1782 1994 1917 2049; x_wconf 86' lang='lat'>1558.</span> <span class='ocrx_word' id='word_1_226' title='bbox 1955 1989 2158 2035; x_wconf 82' lang='lat' dir='ltr'><strong>Palermo</strong></span> <span class='ocrx_word' id='word_1_227' title='bbox 2179 1994 2314 2046; x_wconf 84' lang='lat'><strong>1560.</strong></span> <span class='ocrx_word' id='word_1_228' title='bbox 2329 1988 2397 2047; x_wconf 80' lang='lat'><strong>4&#39;.</strong></span> 
     </span>
     <span class='ocr_line' id='line_1_26' title="bbox 396 2071 577 2106; baseline -0.022 0"><span class='ocrx_word' id='word_1_229' title='bbox 396 2071 577 2106; x_wconf 73' lang='lat' dir='ltr'><strong>ONGIT.</strong></span> 
     </span>
    </p>
   </div>
   <div class='ocr_carea' id='block_1_8' title="bbox 310 2146 2401 2973">
    <p class='ocr_par' dir='ltr' id='par_1_8' title="bbox 310 2146 2401 2921">
     <span class='ocr_line' id='line_1_27' title="bbox 460 2146 2401 2214; baseline -0.002 -14"><span class='ocrx_word' id='word_1_230' title='bbox 460 2154 670 2214; x_wconf 83' lang='lat' dir='ltr'><strong>Princeps</strong></span> <span class='ocrx_word' id='word_1_231' title='bbox 688 2152 776 2200; x_wconf 85' lang='lat' dir='ltr'><strong>viri</strong></span> <span class='ocrx_word' id='word_1_232' title='bbox 791 2168 906 2213; x_wconf 86' lang='lat' dir='ltr'><strong>opus</strong></span> <span class='ocrx_word' id='word_1_233' title='bbox 923 2149 984 2198; x_wconf 86' lang='lat' dir='ltr'><strong>est</strong></span> <span class='ocrx_word' id='word_1_234' title='bbox 997 2151 1047 2198; x_wconf 89' lang='lat' dir='ltr'><strong>in</strong></span> <span class='ocrx_word' id='word_1_235' title='bbox 1061 2151 1261 2199; x_wconf 71' lang='lat' dir='ltr'>GALENI</span> <span class='ocrx_word' id='word_1_236' title='bbox 1287 2152 1312 2197; x_wconf 93' lang='lat' dir='ltr'><strong>l.</strong></span> <span class='ocrx_word' id='word_1_237' title='bbox 1336 2148 1388 2197; x_wconf 80' lang='lat' dir='ltr'><strong>de</strong></span> <span class='ocrx_word' id='word_1_238' title='bbox 1398 2149 1548 2209; x_wconf 75' lang='lat' dir='ltr'><strong>offibm</strong></span> <span class='ocrx_word' id='word_1_239' title='bbox 1562 2153 1867 2197; x_wconf 79' lang='lat' dir='ltr'><strong>commentaria</strong></span> <span class='ocrx_word' id='word_1_240' title='bbox 1899 2150 2113 2197; x_wconf 85' lang='lat' dir='ltr'><strong>Panorm.</strong></span> <span class='ocrx_word' id='word_1_241' title='bbox 2134 2156 2270 2210; x_wconf 86' lang='lat'><strong>1604.</strong></span> <span class='ocrx_word' id='word_1_242' title='bbox 2287 2146 2401 2196; x_wconf 61' lang='lat' dir='ltr'><strong>fot*</strong></span> 
     </span>
     <span class='ocr_line' id='line_1_28' title="bbox 310 2214 2398 2281; baseline -0.002 -15"><span class='ocrx_word' id='word_1_243' title='bbox 310 2216 414 2281; x_wconf 77' lang='lat' dir='ltr'><strong>¹qui</strong></span> <span class='ocrx_word' id='word_1_244' title='bbox 444 2217 618 2265; x_wconf 88' lang='lat' dir='ltr'><strong>dudum</strong></span> <span class='ocrx_word' id='word_1_245' title='bbox 648 2233 673 2264; x_wconf 84' lang='lat' dir='ltr'><strong>a</strong></span> <span class='ocrx_word' id='word_1_246' title='bbox 701 2228 847 2264; x_wconf 85' lang='lat' dir='ltr'><strong>morte</strong></span> <span class='ocrx_word' id='word_1_247' title='bbox 876 2218 1073 2263; x_wconf 59' lang='lat' dir='ltr'><strong>auctoris</strong></span> <span class='ocrx_word' id='word_1_248' title='bbox 1103 2233 1128 2262; x_wconf 88' lang='lat' dir='ltr'><strong>a</strong></span> <span class='ocrx_word' id='word_1_249' title='bbox 1162 2227 1327 2276; x_wconf 81' lang='lat' dir='ltr'><strong>nepote</strong></span> <span class='ocrx_word' id='word_1_250' title='bbox 1362 2215 1639 2276; x_wconf 80' lang='lat' dir='ltr'><strong>cognomine</strong></span> <span class='ocrx_word' id='word_1_251' title='bbox 1660 2215 1811 2261; x_wconf 85' lang='lat' dir='ltr'><strong>editus</strong></span> <span class='ocrx_word' id='word_1_252' title='bbox 1844 2214 1922 2261; x_wconf 83' lang='lat' dir='ltr'><strong>est.</strong></span> <span class='ocrx_word' id='word_1_253' title='bbox 1991 2215 2168 2262; x_wconf 81' lang='lat' dir='ltr'><strong>Textus</strong></span> <span class='ocrx_word' id='word_1_254' title='bbox 2196 2216 2398 2262; x_wconf 74' lang='lat' dir='ltr'>GALENI</span> 
     </span>
     <span class='ocr_line' id='line_1_29' title="bbox 329 2277 2399 2347; baseline -0.002 -17"><span class='ocrx_word' id='word_1_255' title='bbox 329 2298 503 2347; x_wconf 70' lang='lat' dir='ltr'><strong>graccus</strong></span> <span class='ocrx_word' id='word_1_256' title='bbox 531 2285 573 2330; x_wconf 68' lang='grc' dir='ltr'><strong>ὃς</strong></span> <span class='ocrx_word' id='word_1_257' title='bbox 601 2284 767 2329; x_wconf 87' lang='lat' dir='ltr'><strong>latinus</strong></span> <span class='ocrx_word' id='word_1_258' title='bbox 787 2315 800 2335; x_wconf 86' lang='lat'>‚</span> <span class='ocrx_word' id='word_1_259' title='bbox 837 2280 1193 2328; x_wconf 82' lang='lat' dir='ltr'><strong>commentarius</strong></span> <span class='ocrx_word' id='word_1_260' title='bbox 1225 2277 1495 2335; x_wconf 80' lang='lat' dir='ltr'><strong>fusiffimus,</strong></span> <span class='ocrx_word' id='word_1_261' title='bbox 1533 2296 1639 2326; x_wconf 89' lang='lat' dir='ltr'><strong>cum</strong></span> <span class='ocrx_word' id='word_1_262' title='bbox 1677 2282 1849 2326; x_wconf 63' lang='lat' dir='ltr'><strong>Auctor</strong></span> <span class='ocrx_word' id='word_1_263' title='bbox 1882 2277 1926 2325; x_wconf 89' lang='lat' dir='ltr'><strong>se</strong></span> <span class='ocrx_word' id='word_1_264' title='bbox 1962 2280 2017 2326; x_wconf 87' lang='lat' dir='ltr'><strong>ad</strong></span> <span class='ocrx_word' id='word_1_265' title='bbox 2053 2280 2243 2327; x_wconf 86' lang='lat' dir='ltr'><strong>minima</strong></span> <span class='ocrx_word' id='word_1_266' title='bbox 2277 2292 2399 2340; x_wconf 78' lang='lat' dir='ltr'><strong>quae-</strong></span> 
     </span>
     <span class='ocr_line' id='line_1_30' title="bbox 328 2342 2400 2410; baseline -0.003 -15"><span class='ocrx_word' id='word_1_267' title='bbox 328 2364 421 2410; x_wconf 80' lang='lat' dir='ltr'><strong>que</strong></span> <span class='ocrx_word' id='word_1_268' title='bbox 446 2345 696 2394; x_wconf 86' lang='lat' dir='ltr'><strong>dimiserit:</strong></span> <span class='ocrx_word' id='word_1_269' title='bbox 738 2344 976 2400; x_wconf 86' lang='lat' dir='ltr'><strong>scrobum,</strong></span> <span class='ocrx_word' id='word_1_270' title='bbox 1016 2342 1278 2392; x_wconf 85' lang='lat' dir='ltr'><strong>suturarum</strong></span> <span class='ocrx_word' id='word_1_271' title='bbox 1304 2347 1346 2392; x_wconf 70' lang='grc' dir='ltr'>ἃ</span> <span class='ocrx_word' id='word_1_272' title='bbox 1374 2344 1723 2392; x_wconf 84' lang='lat' dir='ltr'><strong>tuberculorum</strong></span> <span class='ocrx_word' id='word_1_273' title='bbox 1751 2342 1969 2390; x_wconf 85' lang='lat' dir='ltr'><strong>facierum</strong></span> <span class='ocrx_word' id='word_1_274' title='bbox 1995 2346 2038 2391; x_wconf 65' lang='grc' dir='ltr'><strong>ὃς</strong></span> <span class='ocrx_word' id='word_1_275' title='bbox 2064 2344 2287 2391; x_wconf 85' lang='lat' dir='ltr'><strong>linearum</strong></span> <span class='ocrx_word' id='word_1_276' title='bbox 2315 2343 2400 2389; x_wconf 91' lang='lat' dir='ltr'><strong>mi-</strong></span> 
     </span>
     <span class='ocr_line' id='line_1_31' title="bbox 333 2406 2398 2470; baseline -0.003 -11"><span class='ocrx_word' id='word_1_277' title='bbox 333 2423 477 2460; x_wconf 85' lang='lat' dir='ltr'><strong>nutus</strong></span> <span class='ocrx_word' id='word_1_278' title='bbox 504 2423 749 2458; x_wconf 79' lang='lat' dir='ltr'><strong>enarrator.</strong></span> <span class='ocrx_word' id='word_1_279' title='bbox 818 2412 889 2458; x_wconf 86' lang='lat' dir='ltr'><strong>Os</strong></span> <span class='ocrx_word' id='word_1_280' title='bbox 929 2407 1181 2457; x_wconf 85' lang='lat' dir='ltr'><strong>cribrosum</strong></span> <span class='ocrx_word' id='word_1_281' title='bbox 1218 2411 1338 2456; x_wconf 65' lang='lat' dir='ltr'><strong>redte</strong></span> <span class='ocrx_word' id='word_1_282' title='bbox 1366 2407 1612 2470; x_wconf 83' lang='lat' dir='ltr'><strong>descripsit.</strong></span> <span class='ocrx_word' id='word_1_283' title='bbox 1681 2410 1845 2456; x_wconf 87' lang='lat' dir='ltr'><strong>Trium</strong></span> <span class='ocrx_word' id='word_1_284' title='bbox 1881 2406 2176 2456; x_wconf 86' lang='lat' dir='ltr'><strong>officulorum</strong></span> <span class='ocrx_word' id='word_1_285' title='bbox 2216 2407 2398 2456; x_wconf 82' lang='lat' dir='ltr'><strong>auditus</strong></span> 
     </span>
     <span class='ocr_line' id='line_1_32' title="bbox 329 2471 2399 2541; baseline -0.004 -17"><span class='ocrx_word' id='word_1_286' title='bbox 329 2475 555 2541; x_wconf 79' lang='lat' dir='ltr'><strong>plusculas</strong></span> <span class='ocrx_word' id='word_1_287' title='bbox 587 2474 755 2537; x_wconf 80' lang='lat' dir='ltr'><strong>figuras</strong></span> <span class='ocrx_word' id='word_1_288' title='bbox 785 2475 910 2522; x_wconf 86' lang='lat' dir='ltr'><strong>dedit</strong></span> <span class='ocrx_word' id='word_1_289' title='bbox 932 2494 945 2528; x_wconf 81' lang='lat'><em>3</em></span> <span class='ocrx_word' id='word_1_290' title='bbox 979 2472 1238 2523; x_wconf 87' lang='lat' dir='ltr'><strong>musculum</strong></span> <span class='ocrx_word' id='word_1_291' title='bbox 1260 2475 1411 2522; x_wconf 83' lang='lat' dir='ltr'><strong>mallei</strong></span> <span class='ocrx_word' id='word_1_292' title='bbox 1433 2474 1657 2535; x_wconf 83' lang='lat' dir='ltr'><strong>depinxit,</strong></span> <span class='ocrx_word' id='word_1_293' title='bbox 1690 2490 1794 2520; x_wconf 88' lang='lat' dir='ltr'><strong>eum</strong></span> <span class='ocrx_word' id='word_1_294' title='bbox 1820 2473 1875 2520; x_wconf 86' lang='lat' dir='ltr'><strong>ad</strong></span> <span class='ocrx_word' id='word_1_295' title='bbox 1899 2486 2155 2521; x_wconf 82' lang='lat' dir='ltr'><strong>accuratam</strong></span> <span class='ocrx_word' id='word_1_296' title='bbox 2178 2471 2399 2520; x_wconf 87' lang='lat' dir='ltr'><strong>sonorum</strong></span> 
     </span>
     <span class='ocr_line' id='line_1_33' title="bbox 333 2536 2396 2604; baseline -0.003 -16"><span class='ocrx_word' id='word_1_297' title='bbox 333 2541 674 2604; x_wconf 82' lang='lat' dir='ltr'><strong>perceptionem</strong></span> <span class='ocrx_word' id='word_1_298' title='bbox 700 2537 843 2586; x_wconf 82' lang='lat' dir='ltr'><strong>facere</strong></span> <span class='ocrx_word' id='word_1_299' title='bbox 870 2540 1095 2586; x_wconf 86' lang='lat' dir='ltr'><strong>meminit.</strong></span> <span class='ocrx_word' id='word_1_300' title='bbox 1165 2540 1377 2587; x_wconf 88' lang='lat' dir='ltr'><strong>Nervum</strong></span> <span class='ocrx_word' id='word_1_301' title='bbox 1406 2540 1592 2585; x_wconf 84' lang='lat' dir='ltr'><strong>mollem</strong></span> <span class='ocrx_word' id='word_1_302' title='bbox 1627 2539 1909 2585; x_wconf 83' lang='lat' dir='ltr'><strong>auditorium</strong></span> <span class='ocrx_word' id='word_1_303' title='bbox 1945 2556 1970 2585; x_wconf 85' lang='lat' dir='ltr'><strong>a</strong></span> <span class='ocrx_word' id='word_1_304' title='bbox 2005 2538 2121 2584; x_wconf 90' lang='lat' dir='ltr'><strong>duro</strong></span> <span class='ocrx_word' id='word_1_305' title='bbox 2164 2536 2396 2588; x_wconf 74' lang='lat' dir='ltr'><strong>distinxit,</strong></span> 
     </span>
     <span class='ocr_line' id='line_1_34' title="bbox 329 2601 2399 2660; baseline -0.004 -6"><span class='ocrx_word' id='word_1_306' title='bbox 329 2606 467 2654; x_wconf 81' lang='lat' dir='ltr'><strong>istum</strong></span> <span class='ocrx_word' id='word_1_307' title='bbox 495 2620 599 2652; x_wconf 84' lang='lat' dir='ltr'><strong>cum</strong></span> <span class='ocrx_word' id='word_1_308' title='bbox 618 2604 800 2660; x_wconf 85' lang='lat' dir='ltr'><strong>Qinto</strong></span> <span class='ocrx_word' id='word_1_309' title='bbox 831 2602 1080 2658; x_wconf 78' lang='lat' dir='ltr'><strong>cohaerere,</strong></span> <span class='ocrx_word' id='word_1_310' title='bbox 1117 2604 1225 2651; x_wconf 89' lang='lat' dir='ltr'><strong>inde</strong></span> <span class='ocrx_word' id='word_1_311' title='bbox 1251 2602 1351 2651; x_wconf 85' lang='lat' dir='ltr'><strong>fieri</strong></span> <span class='ocrx_word' id='word_1_312' title='bbox 1379 2604 1565 2657; x_wconf 82' lang='lat' dir='ltr'><strong>docuit,</strong></span> <span class='ocrx_word' id='word_1_313' title='bbox 1595 2617 1650 2650; x_wconf 91' lang='lat' dir='ltr'><strong>ut</strong></span> <span class='ocrx_word' id='word_1_314' title='bbox 1671 2601 1796 2650; x_wconf 88' lang='lat' dir='ltr'><strong>surdi</strong></span> <span class='ocrx_word' id='word_1_315' title='bbox 1820 2602 1983 2649; x_wconf 87' lang='lat' dir='ltr'><strong>sonum</strong></span> <span class='ocrx_word' id='word_1_316' title='bbox 2007 2602 2298 2649; x_wconf 82' lang='lat' dir='ltr'><strong>instrumenti</strong></span> <span class='ocrx_word' id='word_1_317' title='bbox 2320 2617 2399 2646; x_wconf 82' lang='lat' dir='ltr'><strong>au-</strong></span> 
     </span>
     <span class='ocr_line' id='line_1_35' title="bbox 331 2665 2395 2730; baseline -0.003 -12"><span class='ocrx_word' id='word_1_318' title='bbox 331 2670 492 2724; x_wconf 83' lang='lat' dir='ltr'><strong>diant,</strong></span> <span class='ocrx_word' id='word_1_319' title='bbox 528 2668 653 2730; x_wconf 90' lang='lat' dir='ltr'><strong>quod</strong></span> <span class='ocrx_word' id='word_1_320' title='bbox 679 2667 891 2714; x_wconf 80' lang='lat' dir='ltr'><strong>dentibus</strong></span> <span class='ocrx_word' id='word_1_321' title='bbox 922 2679 1096 2717; x_wconf 84' lang='lat' dir='ltr'><strong>tenent.</strong></span> <span class='ocrx_word' id='word_1_322' title='bbox 1164 2669 1362 2716; x_wconf 84' lang='lat' dir='ltr'><strong>Cellulas</strong></span> <span class='ocrx_word' id='word_1_323' title='bbox 1391 2668 1671 2715; x_wconf 82' lang='lat' dir='ltr'><strong>ethmoideas</strong></span> <span class='ocrx_word' id='word_1_324' title='bbox 1700 2666 1850 2714; x_wconf 86' lang='lat' dir='ltr'><strong>habet.</strong></span> <span class='ocrx_word' id='word_1_325' title='bbox 1920 2667 2040 2712; x_wconf 87' lang='lat' dir='ltr'><strong>Vera</strong></span> <span class='ocrx_word' id='word_1_326' title='bbox 2071 2667 2200 2728; x_wconf 82' lang='lat' dir='ltr'><strong>origo</strong></span> <span class='ocrx_word' id='word_1_327' title='bbox 2219 2665 2395 2712; x_wconf 74' lang='lat' dir='ltr'><strong>arteriae</strong></span> 
     </span>
     <span class='ocr_line' id='line_1_36' title="bbox 330 2728 2399 2797; baseline -0.004 -14"><span class='ocrx_word' id='word_1_328' title='bbox 330 2734 680 2797; x_wconf 73' lang='lat' dir='ltr'><strong>ophthalmicae3</strong></span> <span class='ocrx_word' id='word_1_329' title='bbox 715 2728 960 2778; x_wconf 85' lang='lat' dir='ltr'><strong>discrimen</strong></span> <span class='ocrx_word' id='word_1_330' title='bbox 987 2733 1130 2792; x_wconf 76' lang='lat' dir='ltr'><strong>pelvis</strong></span> <span class='ocrx_word' id='word_1_331' title='bbox 1163 2734 1213 2780; x_wconf 88' lang='lat' dir='ltr'><strong>in</strong></span> <span class='ocrx_word' id='word_1_332' title='bbox 1247 2744 1444 2794; x_wconf 87' lang='lat' dir='ltr'><strong>utroque</strong></span> <span class='ocrx_word' id='word_1_333' title='bbox 1484 2730 1609 2780; x_wconf 80' lang='lat' dir='ltr'><strong>sexu.</strong></span> <span class='ocrx_word' id='word_1_334' title='bbox 1677 2732 1901 2778; x_wconf 75' lang='lat' dir='ltr'><strong>foramen</strong></span> <span class='ocrx_word' id='word_1_335' title='bbox 1932 2730 1988 2776; x_wconf 83' lang='lat' dir='ltr'><strong>ab</strong></span> <span class='ocrx_word' id='word_1_336' title='bbox 2012 2732 2155 2778; x_wconf 79' lang='lat' dir='ltr'><strong>oeulis</strong></span> <span class='ocrx_word' id='word_1_337' title='bbox 2189 2730 2245 2778; x_wconf 87' lang='lat' dir='ltr'><strong>ad</strong></span> <span class='ocrx_word' id='word_1_338' title='bbox 2269 2744 2399 2776; x_wconf 79' lang='lat' dir='ltr'><strong>nares</strong></span> 
     </span>
     <span class='ocr_line' id='line_1_37' title="bbox 332 2795 2396 2858; baseline -0.004 -11"><span class='ocrx_word' id='word_1_339' title='bbox 332 2800 502 2847; x_wconf 87' lang='lat' dir='ltr'><strong>ducens</strong></span> <span class='ocrx_word' id='word_1_340' title='bbox 530 2814 628 2845; x_wconf 90' lang='lat' dir='ltr'><strong>non</strong></span> <span class='ocrx_word' id='word_1_341' title='bbox 653 2796 899 2858; x_wconf 85' lang='lat' dir='ltr'><strong>ignoravit.</strong></span> <span class='ocrx_word' id='word_1_342' title='bbox 967 2797 1230 2845; x_wconf 84' lang='lat' dir='ltr'>GALENUM</span> <span class='ocrx_word' id='word_1_343' title='bbox 1257 2810 1378 2844; x_wconf 85' lang='lat' dir='ltr'><strong>amat</strong></span> <span class='ocrx_word' id='word_1_344' title='bbox 1404 2795 1635 2850; x_wconf 81' lang='lat' dir='ltr'><strong>excusare,</strong></span> <span class='ocrx_word' id='word_1_345' title='bbox 1672 2812 1771 2842; x_wconf 89' lang='lat' dir='ltr'><strong>non</strong></span> <span class='ocrx_word' id='word_1_346' title='bbox 1795 2807 1948 2842; x_wconf 85' lang='lat' dir='ltr'><strong>tamen</strong></span> <span class='ocrx_word' id='word_1_347' title='bbox 1970 2807 2024 2842; x_wconf 88' lang='lat' dir='ltr'><strong>ut</strong></span> <span class='ocrx_word' id='word_1_348' title='bbox 2048 2808 2207 2843; x_wconf 84' lang='lat' dir='ltr'><strong>contra</strong></span> <span class='ocrx_word' id='word_1_349' title='bbox 2233 2809 2396 2844; x_wconf 87' lang='lat' dir='ltr'><strong>verum</strong></span> 
     </span>
     <span class='ocr_line' id='line_1_38' title="bbox 332 2858 2189 2921; baseline -0.002 -8"><span class='ocrx_word' id='word_1_350' title='bbox 332 2862 574 2918; x_wconf 83' lang='lat' dir='ltr'><strong>defendat,</strong></span> <span class='ocrx_word' id='word_1_351' title='bbox 612 2862 664 2910; x_wconf 86' lang='lat' dir='ltr'><strong>in</strong></span> <span class='ocrx_word' id='word_1_352' title='bbox 692 2858 842 2907; x_wconf 81' lang='lat' dir='ltr'><strong>solum</strong></span> <span class='ocrx_word' id='word_1_353' title='bbox 872 2860 1215 2911; x_wconf 77' lang='lat' dir='ltr'><strong>EUSTACHmM</strong></span> <span class='ocrx_word' id='word_1_354' title='bbox 1239 2863 1370 2910; x_wconf 83' lang='lat' dir='ltr'><strong>acris.</strong></span> <span class='ocrx_word' id='word_1_355' title='bbox 1439 2861 1652 2909; x_wconf 78' lang='lat' dir='ltr'>VESALH</span> <span class='ocrx_word' id='word_1_356' title='bbox 1679 2861 1834 2908; x_wconf 83' lang='lat' dir='ltr'><strong>icones</strong></span> <span class='ocrx_word' id='word_1_357' title='bbox 1863 2860 2046 2921; x_wconf 87' lang='lat' dir='ltr'><strong>repetiit</strong></span> <span class='ocrx_word' id='word_1_358' title='bbox 2080 2861 2189 2918; x_wconf 76' lang='lat' dir='ltr'><strong>(i).</strong></span> 
     </span>
    </p>

    <p class='ocr_par' dir='ltr' id='par_1_9' title="bbox 2343 2924 2400 2973">
     <span class='ocr_line' id='line_1_39' title="bbox 2343 2924 2400 2973; baseline -0.035 0"><span class='ocrx_word' id='word_1_359' title='bbox 2343 2924 2400 2973; x_wconf 81' lang='lat' dir='ltr'><strong>In</strong></span> 
     </span>
    </p>
   </div>
   <div class='ocr_carea' id='block_1_9' title="bbox 386 3033 2068 3144">
    <p class='ocr_par' dir='ltr' id='par_1_10' title="bbox 386 3033 2068 3144">
     <span class='ocr_line' id='line_1_40' title="bbox 386 3033 2068 3091; baseline -0.002 -10"><span class='ocrx_word' id='word_1_360' title='bbox 386 3039 452 3091; x_wconf 82' lang='lat' dir='ltr'><strong>(h)</strong></span> <span class='ocrx_word' id='word_1_361' title='bbox 483 3039 577 3080; x_wconf 86' lang='lat' dir='ltr'><strong>Non</strong></span> <span class='ocrx_word' id='word_1_362' title='bbox 597 3035 888 3078; x_wconf 78' lang='lat' dir='ltr'><strong>Panormitanus</strong></span> <span class='ocrx_word' id='word_1_363' title='bbox 915 3033 1190 3077; x_wconf 68' lang='lat' dir='ltr'><strong>Moncxremz</strong></span> <span class='ocrx_word' id='word_1_364' title='bbox 1214 3035 1307 3078; x_wconf 80' lang='lat' dir='ltr'><strong>bibl.</strong></span> <span class='ocrx_word' id='word_1_365' title='bbox 1333 3037 1394 3079; x_wconf 80' lang='lat' dir='ltr'><strong>fic.</strong></span> <span class='ocrx_word' id='word_1_366' title='bbox 1414 3036 1445 3084; x_wconf 81' lang='grc' dir='ltr'><strong>Ι.</strong></span> <span class='ocrx_word' id='word_1_367' title='bbox 1486 3050 1523 3090; x_wconf 87' lang='lat' dir='ltr'><strong>p.</strong></span> <span class='ocrx_word' id='word_1_368' title='bbox 1551 3040 1638 3089; x_wconf 73' lang='lat'><strong>361.</strong></span> <span class='ocrx_word' id='word_1_369' title='bbox 1669 3049 1784 3090; x_wconf 83' lang='lat' dir='ltr'><strong>quem</strong></span> <span class='ocrx_word' id='word_1_370' title='bbox 1812 3043 1939 3079; x_wconf 83' lang='lat' dir='ltr'><strong>totum</strong></span> <span class='ocrx_word' id='word_1_371' title='bbox 1966 3036 2068 3083; x_wconf 80' lang='lat' dir='ltr'><strong>vide.</strong></span> 
     </span>
     <span class='ocr_line' id='line_1_41' title="bbox 386 3091 1426 3144; baseline -0.003 -11"><span class='ocrx_word' id='word_1_372' title='bbox 386 3094 459 3144; x_wconf 76' lang='lat' dir='ltr'><strong>(i)</strong></span> <span class='ocrx_word' id='word_1_373' title='bbox 485 3096 625 3135; x_wconf 76' lang='lat' dir='ltr'><strong>Parere</strong></span> <span class='ocrx_word' id='word_1_374' title='bbox 650 3092 720 3131; x_wconf 63' lang='lat' dir='ltr'><strong>div</strong></span> <span class='ocrx_word' id='word_1_375' title='bbox 746 3093 790 3130; x_wconf 81' lang='lat' dir='ltr'><strong>in</strong></span> <span class='ocrx_word' id='word_1_376' title='bbox 821 3099 855 3140; x_wconf 86' lang='lat'><strong>8.</strong></span> <span class='ocrx_word' id='word_1_377' title='bbox 884 3093 1196 3142; x_wconf 75' lang='lat' dir='ltr'><strong>raggionammti</strong></span> <span class='ocrx_word' id='word_1_378' title='bbox 1225 3091 1272 3132; x_wconf 72' lang='grc' dir='ltr'><strong>ΙΙ.</strong></span> <span class='ocrx_word' id='word_1_379' title='bbox 1302 3104 1341 3142; x_wconf 73' lang='lat' dir='ltr'><strong>p.</strong></span> <span class='ocrx_word' id='word_1_380' title='bbox 1362 3106 1426 3142; x_wconf 69' lang='lat'><strong>45.</strong></span> 
     </span>
    </p>
   </div>
  </div>
 </body>
</html>
