2556 3442
393 167 687 226 §.471.472.
755 163 815 210 H.
836 159 1095 211 POWER.
1163 159 1222 208 G.
1243 157 1529 208 CROONE.
1595 162 1650 211 R.
1687 176 1753 212 nn
1792 163 2015 213 GRAAF.
2146 173 2234 226 523

577 280 584 282 “
615 291 659 351 ς.
696 290 1142 341 ccchxxu.
1211 289 1484 336 ammaus
1519 288 1571 335 de
1598 291 1803 348 emur,

302 391 462 455 Vulgo
489 393 749 441 GRAAFHJS
767 425 779 445 ‚
815 386 1113 448 DelphensiS,
1150 387 1263 433 acris
1280 384 1472 434 sectator
1492 388 1666 435 SYLVH
1682 422 1695 441 ,
1731 405 1827 436 non
1845 392 2042 454 vulgaris
2067 391 2236 442 incisor

174 460 217 508 ἀ
244 474 381 520 quem
411 458 542 504 dolor
571 473 627 503 ex
664 455 831 502 acerbis
866 468 970 498 cum
1005 454 1457 501 SWAMMERDAmio
1489 453 1648 498 litibus
1684 467 1930 514 conceptus
1971 469 2075 503 ante
2114 459 2236 507 diem

173 524 419 570 enecuerit.
487 522 691 568 Primum
725 515 868 563 edidit
895 515 949 561 de
976 514 1095 574 fizcci
1128 520 1397 562 Pancreatici
1437 528 1600 563 natura
1632 514 1692 572 ἐξ
1723 515 1800 575 ufir
1834 517 1942 578 Diff
1976 524 2233 570 anatomico

169 588 392 636 medicam
427 585 548 633 Leid.
572 589 703 642 1654.
734 578 842 628 120*
873 596 979 639 cum
1010 578 1158 641 figura
1184 582 1461 635 SYLVIANA2
1501 583 1543 628 &
1570 581 1747 628 auctius
1773 581 1945 628 Gallice
1970 584 2089 632 Paris
2109 602 2231 633 anno

174 658 311 699 1666.
343 650 447 699 12.*
486 653 619 705 1671.
650 652 691 699 8.
727 648 936 704 ‘1674.8.
977 647 1017 692 &
1038 645 1088 692 in
1115 641 1171 697 Β,
1201 646 1467 693 ΜΑΝῦΕΤΙ.
1552 646 1766 708 Juvenile
1798 643 2092 706 opusculum,
2140 667 2232 709 quo

169 716 420 779 pancreatis
452 728 506 758 ex
535 710 808 756 animalibus
844 712 1132 763 varietatem,
1172 712 1213 756 ὃς
1250 727 1305 756 ex
1334 709 1522 757 homine
1555 709 1749 771 figuram
1786 709 1910 756 dedit
1945 708 2100 767 (hanc
2138 724 2235 758 tan-

169 794 270 829 tum
299 781 344 826 in
370 775 691 837 posterioribus
721 774 776 820 ab
808 791 930 820 anno
959 780 1092 820 1666.
1123 775 1468 829 editionibus):
1503 773 1578 822 sed
1610 772 1890 836 potiffimum
1922 771 2122 827 difficile,
2160 791 2236 822 ne-

170 861 257 907 que
283 840 366 889 nisi
398 838 551 886 solerti
574 837 755 885 incisori
788 838 905 884 bene
931 836 1248 892 successurum,
1290 841 1652 900 experimentum
1687 836 1914 892 recenset,
1948 839 2049 885 cani
2074 855 2235 900 nempe

167 910 274 957 vivo
300 905 578 952 tubulumin
596 903 1133 963 panereaticumductum
1156 902 1362 957 inseruit,
1400 903 1583 951 succum
1610 903 1818 964 collegit:
1855 915 1909 950 ut
1937 904 2032 963 ejus
2059 904 2237 963 copiam

168 974 210 1019 δε
227 968 444 1032 ‘saporem
468 966 694 1014 definiret.
764 969 837 1014 Ita
855 966 1025 1013 facium
1049 967 1109 1013 est
1126 1001 1137 1020 ‚
1175 967 1361 1014 admista
1385 967 1501 1014 forte
1532 969 1585 1014 de
1612 968 1869 1015 ventriculo
1903 968 2028 1014 acida
2055 968 2231 1021 illuvie,

160 1046 214 1082 ut
231 1035 489 1081 GRAAFJUS
519 1030 714 1079 subinde
742 1030 1045 1078 eumsuccum
1061 1031 1240 1078 acidum
1258 1034 1300 1079 &
1330 1030 1549 1079 salsumse
1575 1030 1779 1093 reperiffe
1803 1033 2042 1093 putaverit.
2112 1032 2234 1078 Reli-

164 1115 303 1159 quam
338 1095 628 1158 hypothellm
657 1098 852 1150 omitto,
907 1096 961 1142 de
991 1097 1088 1150 ejus
1112 1095 1234 1144 succi
1272 1114 1376 1143 cum
1408 1097 1497 1143 bile
1526 1095 1704 1144 fervore
1725 1131 1737 1150 ,
1787 1097 1984 1158 indeque
2028 1095 2236 1144 deductis

161 1164 441 1213 SYLVIANIS
469 1163 558 1208 late
587 1161 848 1223 patentibus
872 1158 1174 1222 pathologicis
1198 1163 1240 1209 &
1266 1160 1555 1223 philologieis
1586 1162 1898 1222 opinionibus.

292 1246 369 1306 EJ.
407 1244 458 1291 de
482 1249 681 1291 virorum
696 1244 862 1306 organo}
880 1248 1155 1306 generationi
1167 1243 1506 1303 inservientibus,
1545 1242 1595 1291 de
1617 1244 1847 1305 cljsteribzts
1863 1242 1921 1302 ἓξ
1940 1243 1992 1291 de
2010 1241 2235 1306 ufirfiphoJ

158 1311 504 1359 ntkinanatomia
540 1309 663 1356 Leid.
689 1310 730 1354 &
753 1307 975 1355 Amsterd.
996 1314 1132 1362 1668.
1160 1308 1239 1364 8.*
1273 1316 1409 1368 1679.
1437 1316 1478 1363 8.
1505 1310 1654 1357 LIND.
1689 1326 1823 1369 quam
1850 1310 2044 1370 priorem
2070 1309 2234 1355 editio-

159 1391 267 1422 nem
301 1374 362 1421 ob
395 1372 647 1435 figurarum
671 1371 1062 1434 pulchritudinem
1086 1371 1308 1434 praeseras.
1376 1373 1516 1421 Redit
1541 1374 1596 1430 in
1619 1375 1830 1435 operibus
1863 1376 1903 1421 a:
1932 1374 1981 1420 in
2013 1371 2063 1421 B.
2085 1374 2232 1420 MAN-

101 1498 104 1499 ⁷
161 1453 304 1487 GETI.
373 1439 487 1485 Non
512 1436 657 1499 potest
681 1435 949 1484 diffimulari
968 1472 980 1491 ‚
1017 1454 1166 1498 neque
1193 1437 1520 1488 abundantiam
1551 1438 1820 1486 cadaverum
1852 1440 1920 1485 Cl.
1946 1439 2046 1485 viro
2072 1435 2234 1498 suppe-

92 1500 99 1501 ’
157 1502 288 1558 tiiss'e,
324 1519 472 1563 neque
486 1500 571 1549 nisi
589 1519 645 1549 ex
659 1519 847 1563 corpore
862 1500 1027 1549 excisas
1041 1514 1192 1563 partes
1210 1519 1314 1549 eum
1337 1516 1417 1550 aut
1432 1502 1681 1557 delineasse,
1704 1516 1783 1550 aut
1804 1500 2081 1562 descripfiffe.
2140 1503 2233 1549 Mi-

157 1569 282 1616 nime
312 1581 466 1615 tamen
497 1568 890 1614 contemnendum
918 1567 1119 1613 laborem
1150 1566 1370 1628 praestitit.
1439 1567 1726 1616 Pulchriores
1753 1568 1889 1615 etiam
1913 1567 2087 1627 ubique
2105 1563 2233 1627 *figu-

156 1650 228 1680 ras
256 1635 298 1680 &
326 1650 381 1679 ex
402 1631 590 1678 homine
615 1631 755 1678 dedit.
824 1628 1001 1680 Bulbus
1027 1631 1241 1679 urethrae.
1312 1633 1512 1680 Nullum
1540 1632 1621 1680 effe
1652 1649 1816 1694 corpus
1838 1631 2085 1694 Highmori
2105 1666 2117 1684 ‚
2154 1628 2232 1677 sed

155 1695 352 1744 vascula.
420 1694 542 1742 Vasa
568 1713 624 1742 ex
648 1695 757 1743 teste
784 1696 1024 1743 educentia
1050 1697 1213 1744 melius
1236 1713 1374 1757 quam
1399 1699 1639 1758 quisquam
1664 1710 1770 1744 ante
1793 1701 1964 1743 annum
1990 1708 2124 1756 1745.
2153 1695 2227 1742 de·
2298 1734 2309 1735 ἡ

155 1759 327 1823 scripfit
357 1763 399 1808 &
431 1761 668 1821 depinxit3
718 1759 891 1821 septula
925 1761 1046 1808 testis
1076 1763 1116 1808 St
1147 1759 1327 1808 vascula
1365 1760 1647 1823 serpentina,
1683 1763 1875 1808 unicum
1909 1760 2230 1821 epididymidis

156 1824 407 1880 vasculum,
437 1826 562 1886 quod
589 1822 743 1886 passim
768 1823 849 1872 fibi
874 1826 1103 1886 nuperimi
1127 1824 1345 1873 incisores
1372 1827 1610 1888 adrogant,
1648 1825 1772 1873 finus
1798 1825 2006 1872 mucosus
2030 1825 2229 1872 urethrae

155 1891 346 1938 minime
373 1891 616 1952 ignoravit.
685 1891 912 1937 Tumores
942 1889 999 1936 ab
1030 1891 1287 1938 ureteribus
1320 1893 1614 1939 continuatos
1641 1909 1663 1938 :2
1690 1892 1732 1938 &
1759 1891 1808 1937 in
1836 1902 1969 1950 caput
1994 1890 2228 1951 gallinagi-

154 1956 228 2002 nis
267 1967 629 2016 convergentes,
678 1953 767 2000 hoc
801 1953 950 2014 ipsum
984 1967 1145 2017 caput,
1197 1972 1362 2016 corpus
1402 1954 1699 2003 cavernosum
1741 1954 1965 2007 methrae,
2018 1956 2228 2000 arteriam

153 2020 384 2068 internam
415 2017 698 2066 sacculorum
730 2020 886 2080 penis,
919 2020 1036 2066 bene
1066 2020 1326 2068 delineavit.
1397 2019 1628 2068 Vesiculas
1660 2019 1896 2067 seminales
1924 2018 2107 2078 quidem
2127 2034 2226 2065 non

154 2082 378 2138 diffolvit‚
424 2096 639 2132 caeterum
672 2083 942 2146 perpulchre
975 2101 1082 2133 cum
1115 2083 1205 2133 suo
1233 2085 1373 2133 ductu
1414 2102 1610 2148 cumque
1645 2081 1860 2133 celluloso
1906 2083 2069 2131 duetus
2103 2080 2224 2130 defe-

152 2149 296 2196 rentis
322 2147 415 2195 fine
439 2146 666 2210 expressit.

285 2228 537 2291 Siphonem
560 2231 872 2279 anatomicum
900 2248 1005 2279 cum
1035 2231 1212 2282 tubulis
1242 2233 1298 2281 ad
1323 2232 1538 2294 replenda
1569 2233 1747 2293 liquore
1770 2229 1873 2278 vasa
1897 2230 2098 2292 corporis
2127 2229 2226 2278 ani-

151 2294 283 2342 malis
307 2296 480 2355 primus
503 2294 783 2343 delineatum
795 2296 935 2343 dedit.
1004 2297 1136 2345 Solos
1154 2298 1354 2360 liquores
1377 2296 1549 2346 solebat
1570 2299 1798 2358 impellere
1813 2326 1826 2350 ,
1864 2312 1978 2357 quos
2002 2296 2224 2343 circulum

153 2376 210 2406 ex
235 2360 412 2406 arteriis
437 2359 487 2405 in
508 2375 648 2406 venas
680 2360 805 2406 abire
834 2361 952 2408 vidit
971 2396 984 2415 ‚
1024 2363 1067 2409 &
1097 2370 1245 2410 aerem
1282 2381 1337 2409 ex
1362 2362 1589 2410 intestinis
1625 2359 1772 2409 craffis
1803 2362 1960 2408 venire
1994 2361 2045 2407 in
2084 2376 2223 2407 venas

153 2424 324 2471 avium.
392 2424 681 2471 Ereetionem
710 2425 839 2483 penis
858 2424 1098 2485 ejusmodi
1122 2428 1298 2488 liquore
1321 2428 1491 2487 injecto
1516 2427 1720 2474 imitatus
1750 2424 1825 2472 est.
1895 2426 2101 2472 Dudtum
2122 2423 2225 2474 tho-

100 2520 106 2523 -
153 2489 356 2538 racicum
380 2488 575 2549 replevit
598 2507 611 2540 3
660 2487 857 2548 denique
888 2505 1004 2550 aqua
1027 2489 1193 2551 injecta
1223 2508 1445 2538 venarum
1468 2490 1738 2552 sanguinem
1764 2491 1828 2537 ita
1857 2491 1967 2537 eluit
1985 2525 1996 2544 ‚
2043 2502 2097 2537 ut
2128 2490 2221 2536 ani-

106 2614 109 2615 7
148 2554 242 2600 §nal
272 2553 444 2613 absque
479 2550 715 2614 sanguinis
752 2548 970 2599 effufione
1011 2555 1166 2601 liceret
1197 2553 1418 2602 dissecare.
1498 2555 1624 2602 Idem
1661 2555 1859 2602 tentavit
1888 2552 2106 2616 sanguine
2143 2569 2221 2614 per

147 2615 358 2728 spiritur?
396 2617 579 2728 afffgqm
622 2617 844 2678 injectum
878 2620 1066 2673 εοειᾶο,
1110 2619 1236 2682 quod
1275 2618 1524 2669 artificium
1558 2636 1584 2667 a
1613 2622 2062 2669 SWAMMERDAMIO
2108 2631 2218 2666 tunc

149 2697 295 2729 amico
343 2698 406 2729 uo
459 2697 475 2729 1
508 2693 663 2729 icerat.
1653 2693 1655 2695 ·
1738 2706 1746 2713 -

276 2765 456 2827 EJUSD.
496 2763 778 2826 Epistolaead
803 2765 852 2813 L.
871 2766 1116 2815 Sanch
1142 2765 1196 2814 de
1208 2768 1446 2817 nonnullis
1473 2768 1590 2817 circa
1613 2781 1772 2831 partes
1786 2765 2214 2832 genitalesinventis

147 2828 298 2882 novis,
334 2829 460 2877 Leid.
484 2835 709 2884 1668.16.
750 2833 772 2888 (
787 2847 886 2877 mea
900 2830 1003 2878 data
1019 2831 1080 2879 est
1093 2848 1216 2879 anno
1243 2839 1378 2893 1671.
1405 2832 1507 2891 8.*)
1540 2836 1583 2883 &
1612 2836 1664 2884 in
1692 2835 1918 2897 operibus.
1987 2831 2215 2891 Compen÷

148 2892 278 2940 dium
302 2909 487 2949 eorum,
519 2911 619 2956 quae
642 2895 693 2943 in
715 2893 922 2957 sequenti
945 2913 1079 2958 opere
1110 2897 1333 2959 praestitit.

277 2977 354 3036 EJ.
394 2975 445 3022 de
475 2977 701 3025 mulierum
736 2980 902 3044 organis
937 2984 1208 3042 generationi
1236 2980 1554 3040 inservientibus
1581 2951 1650 3031 tr.
1674 2998 1802 3030 novus
1831 2977 2110 3034 Leid.1672.
2138 2976 2215 3030 8-*‘

148 3041 192 3089 &
214 3039 266 3091 in
289 3041 339 3089 B.
367 3040 641 3093 Macen.
711 3044 885 3109 Gallice
914 3056 1118 3095 vertente
1138 3046 1272 3162 Νύξ
1301 3048 1561 3166 35131699.
1589 3055 1632 3104 8.
1660 3048 1819 3096 Hom.
1886 3043 2036 3091 Multa
2062 3042 2212 3159 perdi?3
