2556 3442
284 170 313 204 ι
739 187 745 193 .4
944 147 1122 196 ΜΒ.
1190 148 1230 192 1.
1328 142 1673 192 G‘RAECL
1747 121 1763 129 ³

287 279 412 353 quod
453 285 574 335 sacra
613 283 829 334 libamina
867 280 1128 344 corrupisset
1161 280 1283 340 (c),
1336 281 1478 339 prima
1514 280 1724 328 animalia
1767 278 1823 326 ab
1856 268 2123 329 vamznfo
2167 275 2334 339 Marti}

288 356 385 402 filio
412 352 601 399 mactata
635 350 738 403 (d).
807 350 893 397 Sed
928 349 1072 394 carnis
1100 362 1233 405 porro
1262 344 1497 389 dulcedine
1523 357 1677 405 captos
1705 344 1913 390 homines
1942 356 2100 390 contra
2122 343 2335 406 severiffi-

286 435 381 465 mas
409 418 528 470 leges
565 413 822 461 crudelibus
854 411 1023 457 deliciis
1049 405 1272 455 indulliffe
1293 407 1416 452 idem
1448 406 1574 453 addit
1599 409 1943 455 PORPHYRIUS.
2011 408 2066 453 ln
2096 408 2138 454 S.
2167 410 2335 470 Sss'post

287 470 517 528 diluviism
548 479 746 538 primum
781 475 1035 533 exemplum
1080 470 1263 516 mactati
1318 470 1523 515 animalis
1559 470 1607 515 in
1639 473 1911 517 ABRAHAml
1944 471 2040 516 vita
2078 472 2334 531 reperitur,

285 558 342 592 ut
380 555 533 591 tamen
555 557 651 587 rem
674 556 727 586 eo
758 553 857 584 aevo
884 551 981 581 non
1007 548 1176 580 novam
1208 530 1334 578 fuiffe
1360 530 1489 578 facile
1520 549 1576 578 ex
1605 532 1700 593 ipso
1726 532 1836 579 sacri
1871 533 2104 592 scriptoris
2131 532 2337 581 sermone

286 605 538 670 perspicias.
634 598 953 660 Antiquiffima
994 595 1204 656 equidem
1236 593 1450 641 sacrificia
1479 593 1690 649 fuerunt,
1745 597 1864 642 intra
1897 598 2094 656 primum
2140 597 2196 642 ab
2228 597 2338 643 orbe

289 670 478 719 condito
508 660 721 714 seculum.
792 663 966 708 Verum
997 659 1114 706 nihil
1144 659 1315 705 indicat
1343 658 1396 703 de
1424 674 1473 703 ea
1507 659 1695 704 vidtima
1723 657 1958 705 hominem
1983 658 2063 706 fibi
2088 659 2339 720 quidquam

288 729 537 794 adrogaffe,
575 744 738 790 quam,
770 738 1004 785 tamquam
1037 722 1223 770 suorum
1253 722 1485 768 bonorum
1515 735 1689 781 partem
1716 723 1850 768 DEO
1876 722 2073 769 debitam
2097 722 2336 770 obtuliffet.

838 851 884 911 §.
920 853 990 902 ΙΙ.
1093 857 1299 900 Laniena.
1367 856 1518 900 Prima
1551 853 1777 899 Anatome.

415 961 529 1009 Non
559 957 844 1020 derogaverit
869 955 1037 1002 nobilis
1063 954 1170 1001 artis
1195 954 1434 1013 dignitati,
1479 952 1511 1000 fi
1543 954 1734 1014 primam
1764 953 1860 1014 ejus
1890 953 2111 1015 originem
2145 954 2200 1002 ab
2226 953 2338 1003 inci·

286 1026 341 1073 sis
369 1042 450 1086 pro
474 1023 687 1070 humanis
714 1019 866 1067 usibus
897 1019 1166 1065 animalibus
1199 1018 1543 1077 repetierimus:
1581 1034 1630 1063 ea
1661 1017 1809 1063 adhuc
1846 1018 1998 1063 nostro
2027 1035 2126 1065 aevo
2153 1022 2340 1079 popula-

289 1092 350 1136 ris
378 1088 466 1140 est,
503 1086 624 1146 apud
657 1100 818 1131 omnes
841 1095 1023 1144 gentes,
1060 1094 1295 1132 anatome,
1332 1080 1444 1126 dum
1474 1081 1634 1140 pauci,
1670 1081 1711 1125 &
1741 1081 1789 1126 in
1813 1079 2085 1140 paueiffimis
2108 1083 2335 1142 gentibus,

295 1153 509 1199 mortales
538 1151 659 1199 ultra
683 1148 930 1207 quidquam
959 1156 1194 1204 quaerunt,
1231 1156 1312 1189 aut
1340 1141 1642 1189 curiositatem
1664 1143 1714 1188 in
1741 1142 1967 1189 subtiliori
1994 1160 2234 1204 corporum
2255 1143 2340 1192 dis.

287 1215 482 1262 sectione
508 1224 732 1258 exercent.
802 1211 915 1256 Non
948 1210 1034 1254 alia
1073 1206 1162 1254 fuit
1194 1205 1446 1253 Chimenfis
1483 1219 1717 1252 anatomes
1749 1208 1903 1266 origo,
1956 1223 2152 1265 quorum
2185 1209 2339 1254 icones

287 1274 634 1324 manifestissime
668 1273 724 1318 ad
770 1271 860 1319 suis
894 1273 1126 1318 interanea
1163 1271 1395 1316 delineatae
1432 1270 1674 1322 videntur,
1723 1286 1778 1315 ex
1820 1270 1962 1315 acutis
2005 1271 2048 1316 ἃ
2089 1270 2339 1317 numerofis

286 1341 460 1402 hepatis
489 1339 626 1390 iobis,
668 1339 709 1383 ἃ
740 1353 794 1382 ex
825 1335 1011 1395 simplici
1040 1335 1334 1388 ventricu103
1386 1350 1456 1379 eas
1485 1349 1592 1379 vero
1626 1333 1778 1378 icones
1805 1348 1860 1378 ex
1889 1331 2210 1392 antiquiffimis
2243 1335 2341 1394 ejus

288 1404 437 1465 gentis
463 1401 676 1462 operibus
695 1399 895 1446 Andreas
923 1400 1125 1445 CLEYER
1158 1397 1354 1457 depictas
1380 1397 1518 1443 dedit.
1586 1397 1649 1442 Ea
1667 1397 1887 1443 Anatome
1905 1396 2102 1455 angustis
2131 1397 2341 1456 equidem

292 1467 462 1515 finibus
492 1462 897 1514 circumscribitur,
946 1461 1214 1514 cerebrum,
1251 1476 1354 1513 eor,
1391 1461 1660 1520 pulmones,
1691 1460 2002 1511 ventriculus,
2039 1458 2192 1520 hepar,
2229 1460 2337 1513 lien,

287 1530 499 1578 intestina
525 1528 708 1580 tenuia,
763 1528 805 1573 &
837 1526 921 1572 alia
953 1522 1185 1576 crassiora,
1237 1521 1407 1575 vefica,
1466 1539 1622 1574 renes,
1662 1535 1857 1569 uterus:
1909 1523 2071 1568 deinde
2106 1525 2335 1576 carnium,

289 1593 526 1641 tendinum
542 1625 554 1644 ,
591 1605 837 1636 nervorum
857 1622 870 1641 ,
906 1586 1118 1634 vasorum
1141 1603 1414 1649 magnorum
1442 1587 1594 1647 aliqua
1619 1587 1821 1647 cognitio
1843 1602 1898 1632 ex
1921 1586 2081 1632 eodem
2107 1584 2234 1634 fonte
2261 1602 2342 1646 po-

289 1660 378 1706 tuit
400 1653 593 1704 manaffe
627 1653 719 1710 (e).
2289 1652 2293 1656 '

1057 1781 1103 1840 §.
1151 1785 1173 1832 Ι
1185 1785 1207 1832 Ι
1221 1784 1256 1832 1.
1363 1784 1555 1834 Viffimae.

420 1881 766 1946 Antiquiffimus
797 1898 895 1929 mos
923 1880 985 1928 est
1013 1879 1333 1928 sacrificiorum
1355 1916 1367 1935 ,
1416 1881 1738 1942 perantiquus,
1792 1881 1835 1927 &
1866 1876 1897 1926 fi
1932 1881 2166 1941 aliquanto
2199 1895 2342 1942 nupe-

291 1951 412 2004 rior,
447 1948 738 2010 inspectionis
769 1945 990 1993 viscerum
1009 1979 1021 1998 ,
1059 1962 1114 1991 ex
1147 1961 1236 2005 qua
1259 1944 1427 1997 felicia,
1464 1960 1544 1991 aut
1575 1946 1728 1990 minus
1747 1942 1891 1990 fausta
1921 1943 2131 2006 praesagia
2155 1945 2342 1991 vetustae

289 2017 496 2061 nationes
533 2021 858 2072 captaverunt,
907 2025 1004 2055 non
1045 2006 1131 2054 soli
1170 2008 1372 2054 Chaldaei
1417 2009 1501 2069 (f)
1554 2022 1634 2054 aut
1679 2008 1862 2053 demum
1908 2009 2184 2068 japetigenae
2221 2006 2338 2060 soli,

290 2078 522 2130 Graecive,
575 2074 650 2121 sed
688 2086 789 2122 toto
829 2073 937 2119 orbe
964 2072 1129 2118 remoti
1154 2073 1356 2118 Peruviae
1383 2073 1558 2118 incolae.
1628 2071 1740 2132 Ejus
1777 2069 1996 2131 extispicii
2034 2071 2178 2130 prima
2211 2071 2340 2130 origo

290 2141 471 2187 videtur
502 2156 526 2185 a
554 2137 770 2184 defiderio
796 2148 900 2183 nata
927 2134 1032 2189 effe,
1086 2134 1202 2181 nihil
1224 2137 1356 2181 ΠΕΟ
1393 2132 1638 2187 offerendi,
1695 2133 1778 2180 nili
1815 2135 1937 2193 quod
1977 2132 2341 2193 perfeciiffimum

291 2203 425 2255 effet;
477 2202 581 2249 inde
617 2217 726 2248 vero
769 2213 876 2247 nata
901 2198 1001 2259 spe,
1050 2211 1162 2245 tunc
1194 2200 1420 2258 placatum
1443 2196 1533 2244 fere
1570 2214 1765 2249 numen,
1814 2196 1998 2259 quando
2028 2198 2210 2243 victima
2246 2213 2343 2257 per..

292 2265 520 2313 fectiffima
535 2264 701 2311 fucrit:
739 2264 936 2323 denique
960 2275 1085 2309 metu
1105 2264 1219 2308 male
1245 2262 1525 2308 reconciliati
1547 2262 1766 2313 numinis,
1804 2259 1836 2306 si
1860 2276 2021 2321 parum
2046 2259 2151 2306 sana
2182 2259 2342 2313 fuiffet,

291 2345 391 2392 quae
418 2326 717 2381 offerebatur,
749 2327 903 2374 bestia.
1199 2339 1201 2342 ·

420 2427 573 2485 Hepar
610 2424 701 2486 (g)
735 2425 810 2471 vel
840 2421 1120 2484 potissimum
1146 2434 1322 2471 veteres
1353 2422 1429 2467 illa
1459 2432 1589 2468 aetate
1625 2419 1697 2477 (h)
1734 2418 2053 2482 inspexerunt,
2102 2420 2158 2467 iis
2191 2431 2345 2468 tamen

295 2488 359 2538 ufi
395 2489 660 2536 nominibus
683 2522 696 2542 ,
739 2504 840 2548 quae
874 2503 972 2534 non
996 2485 1126 2534 facile
1155 2485 1209 2534 fit
1239 2485 1552 2547 interpretari,
1598 2485 1783 2545 capitis,
1835 2483 1976 2538 enlis,
2027 2482 2192 2530 mensae
2226 2485 2343 2537 (i),

2160 2546 2346 2607 unguis.

347 2615 408 2666 (cl
436 2615 476 2655 L.
500 2614 532 2655 1.

345 2668 410 2716 (d)
439 2667 560 2709 Pms.
587 2665 709 2718 histor.
745 2674 827 2710 nat.
862 2666 902 2708 L.
928 2666 1014 2712 VII.

346 2721 408 2768 (e)
439 2720 541 2769 Spec.
567 2722 663 2757 med.
695 2719 782 2760 Sin.

347 2772 410 2823 (f)
440 2772 497 2811 Ad
525 2771 598 2811 hos
624 2770 760 2810 referes
789 2771 1047 2811 Gan-somma
1070 2771 1410 2812 NAszzmnm
1432 2768 1701 2810 Humum«
1727 2769 1842 2819 perit.
1872 2775 1946 2808 vet.
2004 2765 2199 2809 Hetruscis
2223 2765 2347 2808 Cren-

455 2837 533 2869 Ro,
563 2823 626 2862 alii
649 2823 912 2864 Pssounrnsso
934 2825 1162 2868 tribuerunt.

347 2876 412 2927 (g)
437 2877 616 2917 Sums.

345 2930 413 2976 (h)
441 2929 659 2968 Emer-1151,
689 2926 784 2978 Cap.
805 2926 919 2966 XXI.
949 2928 1043 2972 vers,
1071 2934 1134 2971 26.

351 2980 403 3031 (i)
441 2980 552 3030 Apud
583 2979 764 3027 Romu,
806 2979 869 3030 qui
903 2990 1014 3029 negat
1050 2981 1090 3019 in
1129 2980 1288 3019 homine
1313 2979 1458 3030 aliquid
1487 2978 1605 3019 limile
1644 2976 1800 3028 reperiri
1847 2989 1884 3027 p.
1914 2984 1974 3029 38.
2032 2975 2143 3029 Apud
2175 2974 2347 3017 Nican-

456 3046 579 3072 nnun
615 3033 773 3072 theriac.
806 3032 992 3082 reperitur
1018 3034 1166 3084 rfesnsg'z
1193 3034 1235 3071 in
1258 3034 1387 3081 jecore
1416 3045 1587 3083 aprugno
1615 3043 1653 3082 p.
1681 3044 1768 3081 559.
1803 3036 1892 3081 5⁶0·
