2556 3442
310 152 368 200 68
856 132 1234 188 'LIRL
1336 129 1680 184 GRAECI.

438 280 783 327 HIERONYMUS
811 276 864 323 de
888 277 1036 323 BONO
1067 274 1120 320 de
1153 272 1324 319 medica
1349 269 1561 318 facultate
1594 272 1641 316 in
1674 271 1739 318 M.
1776 271 1831 317 T.
1868 267 2134 319 CICERONE
2165 269 2357 317 omnino
2422 267 2429 270 ’

311 356 540 404 comperta
564 334 767 390 libelluni
791 340 916 387 dedit
939 340 990 384 in
1017 339 1270 384 CALOIERI
1300 351 1443 380 nuova
1472 335 1641 381 racolta
1672 336 1725 381 T.
1748 334 1826 380 III.

782 474 829 532 ς.
868 472 1199 521 XXXVIII.
1302 471 1340 516 A
1377 469 1669 517 commus
1704 470 1903 519 CEtsus.
1970 452 1981 458 N

438 576 537 622 Erit
562 575 668 621 alias
698 572 906 619 laudibus
939 569 1077 628 hujus
1102 568 1190 613 viri
1213 565 1320 612 suus
1344 566 1486 612 locus.
1556 568 1828 619 Anatornen,
1867 564 1942 612 etsi
1963 583 2058 611 non
2079 578 2208 626 putes
2236 581 2359 610 exer-

284 665 292 700 j
319 638 475 692 cuisse,
513 652 664 684 tamen
694 633 847 696 paffim
875 633 1050 692 adtigit.
1120 632 1377 675 Anatomen
1413 627 1538 674 suam
1571 627 1662 674 fere
1705 646 1758 674 ex
1788 632 2090 676 IiflzxoPfflLo
2123 632 2164 675 &
2190 630 2362 674 ERA81-

312 717 510 750 STRATO
542 701 719 752 habere,
761 700 798 743 ἃ
831 696 966 741 modo
995 695 1047 738 de
1075 692 1261 738 homine
1293 692 1463 743 dicere,
1499 691 1637 736 modo
1674 692 1726 736 de
1751 694 1939 738 animale
1968 690 2362 751 perfpicaciffimus

311 769 642 814 MORGAGNUS
678 763 772 819 (r).
843 760 897 804 In
922 757 1168 818 prafaeztione
1194 755 1311 805 libri,
1350 771 1448 812 quae
1477 752 1567 798 fere
1594 756 1913 813 compendium
1953 755 2013 802 est
2039 755 2236 801 historiae
2273 771 2364 800 nie-

313 829 448 882 dicae,
484 831 727 874 Anatomes
759 822 1001 869 utilitatem
1036 830 1193 864 contra
1219 819 1504 864 EMP1R1cos
1537 828 1707 863 tuetur.

439 926 493 970 In
519 924 568 968 L.
594 921 674 968 III.
715 917 934 978 Clysteres
964 915 1189 961 nutriteos
1220 915 1391 974 primus
1422 912 1552 958 dixit.
1622 914 1671 958 L.
1693 913 1748 958 II.
1778 914 1871 959 vias
1899 913 2000 959 lotii
2025 913 2287 973 peculiares.

440 1021 496 1066 In
521 1017 657 1064 Libro
681 1015 761 1061 IV.
799 1028 1031 1059 anatomes
1057 1009 1281 1056 viscerum
1313 1009 1632 1068 compendium
1668 1008 1802 1054 dedit.
1872 1009 1928 1055 In
1970 1025 2022 1055 eo
2062 1007 2212 1055 nescio
2251 1026 2363 1056 num

312 1081 447 1145 poffis
469 1083 537 1127 Cl.
567 1081 718 1127 virum
741 1077 874 1128 tueri,
899 1092 955 1120 ne
980 1076 1154 1134 culpam
1172 1071 1340 1124 subeat,
1373 1072 1496 1131 quod
1516 1073 1783 1117 animalium
1806 1085 2048 1118 anatomen
2067 1071 2364 1132 proposuerit.

312 1146 514 1209 Jecinori
532 1145 725 1203 cluatuor
743 1139 877 1186 fibras
900 1139 1075 1190 tribuit,
1115 1136 1239 1196 quod
1268 1136 1450 1195 quidem
1484 1134 1616 1194 pollis
1644 1134 1859 1181 haetenus
1884 1134 2107 1181 excusare.
2175 1136 2362 1181 Lienem

314 1227 410 1256 non
433 1208 556 1267 septo
585 1205 655 1251 sed
675 1202 889 1250 intestino
909 1203 1124 1247 innatum
1151 1201 1266 1246 vult.
1338 1200 1520 1244 Caecum
1545 1210 1697 1244 tamen
1730 1198 1992 1244 intestinum
2025 1199 2177 1257 potius
2203 1215 2257 1244 ex
2283 1198 2365 1244 ho-

312 1275 435 1320 mine
472 1269 745 1320 describere,
784 1268 824 1312 8<
850 1267 1014 1311 lienem
1046 1280 1141 1309 non
1172 1279 1225 1308 ex
1266 1263 1459 1308 animale
1483 1260 1654 1307 sumere
1680 1261 1863 1307 videtur
1887 1296 1899 1314 ,
1936 1260 2016 1321 qui
2040 1262 2183 1307 latum
2215 1259 2362 1308 facia-t.

311 1338 575 1395 Ligamenta
599 1332 735 1378 habet
765 1346 790 1375 a
817 1328 1076 1374 ventriculo
1101 1327 1156 1373 ad
1185 1325 1323 1386 hepar
1353 1328 1393 1372 ἃ
1428 1326 1590 1371 lienem
1616 1325 1793 1378 euntia,
1847 1328 1889 1372 &
1916 1341 1941 1371 a
1979 1340 2085 1370 rene
2115 1324 2171 1370 ad
2212 1327 2364 1372 colon.

311 1400 513 1446 Vulvam
542 1396 698 1442 dextra
720 1393 859 1454 magis
886 1404 1068 1438 tenere:
1112 1388 1319 1436 Veficam
1350 1390 1400 1435 in
1430 1390 1531 1434 viro
1558 1386 1742 1434 sinistra.

442 1495 499 1540 In
527 1495 578 1540 L.
595 1491 701 1537 VII.
738 1490 847 1535 dum
871 1486 1133 1549 chirurgicus
1159 1485 1546 1545 administrationes
1571 1484 1709 1530 tradit
1729 1518 1741 1537 ‚
1777 1483 1901 1530 varia
1936 1482 2071 1530 habet
2097 1486 2364 1534 anatomica.

313 1559 492 1607 Testem
521 1555 601 1602 effe
628 1554 885 1615 glandulam
903 1587 914 1605 ‚
949 1550 1215 1611 sanguinem
1241 1566 1338 1594 non
1356 1549 1559 1595 emittere
1575 1582 1587 1600 ,
1622 1565 1718 1593 non
1739 1548 1888 1593 dolere
1910 1546 1993 1592 nifi
2019 1548 2363 1595 inflammatum.

312 1626 384 1671 De
412 1621 535 1682 septo
563 1618 698 1665 scroti
718 1652 730 1670 ,
766 1615 839 1662 sed
869 1613 1057 1661 obscure
1084 1614 1199 1659 dixit
1217 1646 1229 1665 ,
1278 1613 1368 1658 ima
1404 1624 1528 1672 parte
1553 1612 1706 1658 testem
1737 1610 1895 1656 mediis
1922 1612 2089 1657 tunicis
2115 1614 2366 1660 contineri,

313 1689 471 1736 leviter
497 1697 770 1733 connexum,
807 1696 832 1725 a
855 1677 1077 1739 superiori
1100 1688 1279 1723 tantum
1305 1676 1633 1721 circumdatum
1659 1673 1752 1720 effe.
1811 1675 1951 1721 Oculi
1974 1676 2121 1734 aliqui
2141 1689 2366 1724 anatome.

311 1751 508 1811 Lapillos
520 1747 635 1793 vidit
653 1747 693 1792 &
710 1746 823 1804 pilos
837 1744 885 1788 in
898 1742 1159 1787 steatomate
1177 1758 1187 1784 :
1225 1740 1327 1784 illos
1345 1740 1393 1784 in
1409 1738 1611 1784 stercore.
1680 1738 1735 1784 In
1751 1739 1917 1789 nervis,
1959 1740 2205 1785 adnotante
2222 1741 2309 1787 Mo
2318 1755 2369 1787 R-

317 1826 498 1863 GAGNO
537 1809 602 1870 (s)
639 1811 737 1868 plus
764 1807 927 1854 tribuit
957 1804 1246 1865 meningibus
1268 1819 1404 1863 quam
1439 1803 1663 1848 medullae.
1725 1803 1867 1848 Vcnae
1899 1805 1940 1849 &
1973 1804 2142 1848 arteriae
2180 1804 2367 1849 nomine

312 1874 563 1941 promiscue
593 1872 700 1920 usus
725 1871 799 1918 est.

445 1974 504 2019 In
531 1972 634 2017 libri
660 1969 789 2015 VIII.
827 1967 1047 2028 principio
1084 1962 1246 2011 offium
1266 1964 1447 2010 brevem
1467 1963 1631 2022 pariter
1655 1962 1730 2008 dat
1755 1961 2004 2008 historiam.
2072 1962 2279 2022 Reperiri
2297 1963 2367 2009 crs-

316 2043 410 2102 pita
444 2036 609 2094 absque
638 2032 822 2084 sutura,
869 2043 1064 2090 quatuor
1091 2041 1243 2076 autern
1271 2026 1449 2073 suturas
1487 2024 1720 2078 describit,
1769 2027 1996 2086 neglecta,
2045 2037 2267 2084 quantum
2302 2028 2368 2072 vi-

318 2104 430 2154 deo,
465 2098 666 2144 frontali.
752 2096 870 2140 Duae
899 2092 1066 2140 suturae
1098 2092 1249 2152 palati.
1342 2091 1525 2135 Collum
1556 2092 1726 2134 redium
1763 2089 1907 2134 teneri
1938 2105 1961 2132 a
1997 2088 2175 2134 duobus
2206 2090 2366 2136 validis

316 2165 495 2214 nervis,
543 2177 658 2220 quos
695 2160 842 2205 Grzeci
879 2173 1056 2213 καροτοις
1088 2156 1271 2207 dicunt,
1319 2155 1343 2209 (
1356 2170 1410 2198 ex
1437 2169 1525 2212 qua
1552 2169 1662 2198 voce
1690 2152 1942 2197 carotidum
1981 2153 2245 2198 arteriarum
2285 2170 2368 2199 no-

317 2244 424 2276 men
450 2238 576 2286 putes
598 2221 823 2275 manaffe)
840 2257 849 2266 .
919 2221 1106 2280 Spinam
1127 2216 1242 2264 dorsi
1267 2234 1363 2262 non
1393 2215 1509 2276 poffe
1537 2216 1698 2268 luxari,
1734 2214 1816 2260 nili
1847 2215 2021 2261 duabus
2045 2216 2369 2264 membranulis

317 2290 480 2351 ruptis,
517 2304 614 2347 quae
640 2303 716 2347 per
738 2286 852 2330 duos
871 2300 892 2329 a
921 2283 1138 2329 lateribus
1158 2279 1378 2341 processus
1405 2278 1629 2332 feruntur,
1669 2281 1709 2325 ἃ
1734 2280 1883 2324 nervis
1903 2280 2050 2338 ruptis
2069 2279 2233 2338 quibus
2263 2297 2371 2326 con-

317 2356 504 2402 tinetur.
573 2351 641 2397 Os
672 2349 805 2409 pubis
833 2349 882 2393 in
911 2345 1092 2392 feminis
1118 2346 1259 2405 magis
1291 2345 1341 2390 in
1376 2344 1598 2388 exteriora
1635 2343 1877 2388 recurvari.
1946 2343 2094 2389 Voces
2115 2343 2285 2402 aliquas
2313 2343 2368 2390 ad

319 2418 493 2465 canales
521 2412 866 2459 semicirculares
896 2412 1073 2456 referas.
1141 2410 1260 2455 Tota
1282 2406 1377 2453 haec
1398 2405 1583 2452 historia
1607 2407 1784 2466 elegans
1808 2404 1868 2450 est
1884 2439 1895 2458 ,
1931 2408 2168 2467 multoque
2192 2408 2367 2459 melior,

317 2496 452 2542 quam
487 2494 564 2530 ea,
602 2492 701 2536 quae
724 2487 828 2521 ante
860 2475 1064 2520 CELSUM
1095 2471 1211 2517 dieta
1236 2469 1439 2517 fuerunt.

444 2574 501 2619 In
541 2571 638 2617 haec
675 2570 945 2630 osteologica
987 2580 1320 2616 commentatus
1355 2566 1416 2612 est
1453 2570 1606 2614 Petrus
1630 2567 1755 2619 PAU‚
1796 2566 2112 2625 succenturiati
2138 2570 2368 2614 anatomici

317 2639 455 2688 titulo
492 2635 614 2682 Leid.
640 2639 774 2679 1616.
810 2632 910 2690 4⁰.*

447 2735 705 2781 Anatomen
730 2729 877 2775 CELSI
906 2744 1049 2788 nuper
1073 2728 1245 2788 anglice
1275 2726 1415 2772 edidit
1444 2727 1502 2772 D.
1531 2723 1630 2779 Joh.
1667 2726 1934 2771 BRISBANE.

451 2830 816 2876 COLUMELLAM
846 2840 941 2869 non
979 2836 1161 2883 repeto,
1211 2820 1380 2869 etiamfi
1414 2823 1509 2882 ejus
1536 2821 1624 2867 viri
1654 2821 1832 2878 aliqua,
1885 2821 1990 2866 dum
2023 2821 2076 2866 de
2105 2822 2368 2869 animalium

321 2894 584 2942 castratione
610 2891 726 2951 agit,
763 2889 818 2934 ad
841 2884 1166 2948 physiologiam
1193 2887 1450 2948 pertinent,
1485 2898 1537 2931 ut
1562 2884 1676 2933 libro
1707 2884 1836 2931 VIII.
1872 2884 1951 2931 ubi
1988 2896 2200 2945 patruum
2237 2883 2370 2931 suum
2404 2927 2415 2937 ,

371 3019 428 3069 (t)
457 3015 571 3068 Epist.
594 3013 661 3057 IV.
877 3010 934 3062 (ς)
962 3009 1078 3061 Epist.
1101 3010 1146 3051 v·
2200 2950 2250 2996 L.
2271 2949 2370 2997 Co-
