2556 3442
320 184 419 240 58,
769 159 783 164 ”
927 164 1143 220 'tta
1214 174 1251 217 ι.
1326 152 1692 217 ‘GRAEcr

320 324 375 361 ut
401 313 642 360 GALENUS
668 296 1088 372 semidogmaticum
1111 307 1290 354 dixerit.
1369 304 1685 354 Adtradliones
1725 309 1744 358 ζ
1757 305 1813 361 e)
1856 304 2076 366 negabat,
2119 306 2169 352 in
2200 307 2373 353 ventri-

322 379 453 430 cu10‚
488 379 539 441 in
561 374 704 423 vefica
735 376 960 427 urinaria,
999 384 1079 420 aut
1104 374 1153 418 in
1184 372 1287 417 bilis
1320 367 1508 416 veficula
1546 372 1636 432 (f)
1671 372 1822 417 locum
1845 369 2024 416 habere.
2052 424 2054 426 v

450 474 774 521 Ventriculum
800 471 925 518 cibos
950 482 1051 516 toto
1083 466 1394 515 concofflonis
1417 476 1617 527 tempore
1636 467 1783 526 ajebat
1817 467 1897 528 (g)
1933 465 2189 527 complecti,
2225 480 2373 524 neque

319 554 421 586 eam
462 539 806 584 concoctionem
840 536 1130 580 elixationem
1168 529 1249 577 effe
1284 526 1405 586 (h),
1457 531 1743 576 vimautem
1785 530 2010 590 coquendi
2051 528 2132 575 effe
2163 530 2214 574 in
2247 527 2374 588 spiri-

315 603 448 650 ‘tibus
483 602 544 658 (i)
565 620 581 653 3
617 603 659 646 ἃ
686 599 793 646 alibi
816 610 959 644 totam
986 595 1312 655 levigationem
1337 593 1570 645 ciborum,
1616 592 2040 644 &subductionem
2062 605 2373 639 excremento„

321 683 431 714 rum
449 699 461 719 ‚
500 667 541 711 Sc
573 662 965 712 distributionem,
1003 675 1103 718 quae
1129 659 1179 703 in
1204 672 1451 702 cremorem
1473 654 1580 701 sunt
1605 656 1845 709 conversa,
1882 674 1908 702 a
1936 659 2176 717 complexu
2202 656 2375 701 ventri-

324 730 419 777 culi
452 728 532 774 esse
562 727 663 782 (k).
730 726 871 770 Bilem
896 724 1104 768 inutilem
1135 718 1243 772 effe,
1284 721 1327 764 &
1351 736 1374 764 a
1400 717 1619 778 sanguine
1648 736 1726 778 per
1752 718 1854 766 vasa
1876 719 2069 773 secerni,
2105 736 2204 780 quae
2230 719 2377 764 mino-

324 810 375 840 ra
406 791 521 844 sint,
561 805 707 848 neque
738 802 843 833 eum
870 783 1037 845 poffint
1067 785 1264 843 recipere
1303 783 1391 841 (l).
1471 781 1740 842 Epigenesin
1773 783 1904 829 docet
1936 783 2052 841 (m).
2136 785 2287 830 Multa
2322 781 2377 828 de

325 856 517 904 humore
552 867 745 899 nervum
776 852 924 895 alente
953 848 1028 905 (n)
1064 845 1320 907 scripserat,
1358 848 1400 892 &
1426 845 1480 891 de
1511 845 1708 899 morbis,
1744 847 1825 905 qui
1849 847 1955 892 inde
1976 848 2208 893 eveniunt.
2279 847 2378 891 Hu-

326 935 474 966 mores
499 916 628 977 parvi
659 913 880 959 faciebat:
928 910 1046 957 nihil
1076 911 1130 956 de
1160 922 1254 956 atra
1280 911 1370 956 bile
1394 909 1583 955 docebat
1604 943 1615 962 ‚
1654 909 1707 955 de
1740 910 1855 956 flava
1887 926 2075 969 parum3
2108 925 2256 968 neque
2293 908 2380 954 hu-

329 997 511 1029 morum
544 979 657 1024 vitia
692 975 962 1022 admittebat
1001 974 1096 1032 (0).
1165 974 1287 1020 Alibi
1325 985 1475 1019 tamen
1507 974 1746 1019 GALENUS
1778 972 1968 1025 fatetur,
2015 985 2221 1018 accurate
2251 971 2379 1032 egisse

323 1046 380 1091 de
408 1043 682 1104 separatione
707 1041 810 1086 bilis
840 1040 966 1085 flavae
1007 1037 1119 1099 (p).
1189 1036 1464 1097 Sanguinem
1493 1034 1573 1081 effe
1594 1037 1859 1082 alimentum
1894 1038 1994 1097 (q).
2064 1037 2284 1096 Spiritum
2303 1051 2380 1081 na-

326 1122 442 1156 turae
478 1107 550 1163 (ν)
587 1104 909 1164 coadjutorem.
979 1103 1153 1150 Ultima
1177 1101 1344 1146 nutriri
1377 1116 1432 1144 ex
1462 1099 1623 1145 vicinis
1646 1098 1757 1146 vasis
1784 1101 2093 1146 nutrientibus
2119 1118 2144 1146 a
2163 1099 2379 1146 lateribus

327 1170 535 1220 vasorum
554 1168 752 1215 adtracto
771 1165 990 1227 sanguine
1024 1165 1088 1219 (s)
1106 1201 1116 1211 .
1185 1165 1242 1210 In
1268 1161 1468 1224 pulsibus
1491 1175 1587 1209 erat
1606 1165 1908 1224 negligentior
1928 1162 2035 1217 ,(ῐ).
2102 1164 2381 1210 Facultatem

327 1236 511 1282 vitalem
529 1234 580 1279 in
593 1231 856 1277 ventriculis
881 1229 1028 1277 cordis
1054 1228 1255 1275 habitare
1291 1227 1365 1285 (u)
1399 1226 1566 1272 docuit.
1634 1227 1803 1273 Primus
1823 1228 1872 1273 in
1904 1225 2035 1286 pulsu
2062 1227 2239 1272 dilatari
2272 1226 2379 1283 (x),

328 1300 385 1347 ab
415 1294 606 1358 impulso
635 1293 795 1355 spiritu
831 1294 945 1354 (y),
986 1294 1170 1340 arterias
1197 1291 1319 1338 cordi
1350 1290 1604 1351 proximas,
1643 1290 1804 1336 deinde
1831 1307 1885 1336 ex
1906 1289 2064 1336 ordine
2097 1290 2301 1337 minores
2339 1290 2382 1335 Sc

329 1363 611 1410 remotiores.
680 1358 878 1405 Arterias
913 1356 1126 1404 distentas
1166 1353 1363 1415 pulsare,
1414 1370 1491 1399 cor
1521 1353 1631 1399 dum
1667 1367 1913 1400 evacuatur
1944 1357 2044 1412 (z).
2112 1351 2383 1413 Respiratio-

330 1427 404 1475 nis
435 1425 678 1472 utilitatem
708 1420 789 1468 effe
838 1422 1104 1468 arteriarum
1135 1419 1444 1479 repletionem.
1536 1418 1755 1477 Spiritum
1791 1435 1868 1478 per
1905 1419 2143 1477 pulmones
2175 1415 2380 1469 adtrahi,

330 1507 424 1552 quo
448 1488 620 1535 arteriae
654 1487 912 1545 repleantur
947 1485 1022 1544 (a)
1045 1502 1055 1530 :
1095 1485 1276 1531 nullum
1296 1499 1351 1527 ex
1377 1482 1594 1540 pulmone
1611 1482 1660 1527 in
1678 1484 1833 1541 ρεᾶυε
1848 1478 2056 1541 spiritum
2078 1477 2254 1527 effundi
2280 1479 2383 1534 (b).

328 1556 599 1603 Pulmonem
627 1551 794 1595 alterne
828 1550 1002 1595 moveri
1038 1547 1106 1604 (c)
1129 1584 1138 1593 .
1219 1543 1548 1593 Succeffionem
1575 1546 1626 1590 in
1665 1546 1816 1592 locum
1852 1558 2119 1592 evacuatum
2159 1544 2214 1590 ad
2245 1544 2385 1603 expli-

332 1616 521 1665 candam
546 1611 887 1673 respirationem
923 1612 1001 1670 (d)
1037 1610 1271 1662 adhibuit,
1322 1611 1364 1655 &
1397 1609 1448 1654 in
1485 1625 1580 1654 eam
1617 1607 1717 1655 fieri
1746 1622 1919 1669 partem
1944 1625 2019 1669 per
2047 1605 2387 1668 circumpulfio-

333 1698 454 1733 nem,
489 1690 544 1726 ut
567 1679 758 1724 PLATO.
826 1679 987 1723 A‘e'rem
1019 1677 1068 1721 in
1100 1674 1284 1720 arterias
1311 1673 1540 1733 pulmonis
1568 1673 1737 1718 venire.
1804 1673 2102 1719 Sterilitatem
2119 1671 2234 1724 fieri,
2262 1668 2387 1731 quod

335 1759 493 1795 uterus
523 1740 738 1789 carnosus
769 1738 891 1801 quafi
928 1740 1154 1787 cicatrices
1189 1737 1352 1785 habeat
1385 1737 1480 1796 (e).
1572 1736 1866 1787 PLATONEM
1901 1735 1986 1798 (f)
2020 1734 2263 1788 refutavit,
2311 1735 2391 1794 qui

382 1871 444 1920 (e)
477 1870 570 1908 Nat.
600 1868 706 1910 hum,
738 1865 765 1910 ι,
790 1879 822 1906 0.
2223 1797 2390 1845 humo-

385 1924 449 1972 (f)
478 1923 645 1964 Gazam.
668 1919 747 1970 fac.
774 1927 857 1958 nat.
889 1917 960 1958 ΙΙΙ.
992 1930 1026 1958 c.
1050 1928 1108 1968 13.
1139 1916 1170 1958 Ι.
1201 1929 1237 1958 c.
1269 1930 1301 1965 ς.

385 1976 448 2026 (g)
478 1974 643 2015 GALEN.
673 1972 752 2023 fae.
784 1971 917 2015 L.111.
949 1984 984 2012 c.
1005 1979 1041 2017 8.
1199 1969 1263 2019 (h)
1291 1967 1391 2012 Ibid.

387 2029 440 2079 (i)
477 2028 570 2066 Fac.
599 2033 682 2067 nat.
714 2025 767 2068 11.
799 2037 833 2064 c.
858 2033 894 2070 8.
955 2023 1044 2063 Haec
1080 2023 1116 2063 δι
1161 2021 1354 2071 sequentia
1392 2020 1433 2059 in
1461 2018 1567 2059 libris
1596 2016 1677 2058 fere
1707 2020 1753 2059 de
1792 2021 2040 2059 naturalibus
2077 2018 2386 2069 operationibus,

495 2082 531 2120 &
563 2076 866 2170 itlidkrmfnnihus
885 2073 1168 2129 universalibus
1190 2074 1346 2122 docuit,
1394 2085 1489 2124 quos
1517 2071 1721 2112 Gainuus
1758 2072 1799 2111 in
1823 2072 1897 2112 suis
1922 2072 2001 2112 Lib.
2038 2073 2083 2111 de
2099 2069 2283 2121 facultat.
2317 2082 2389 2108 na·

490 2134 610 2174 turni
640 2161 646 2169 .
672 2143 710 2169 re
732 2136 822 2172 utat.

390 2186 455 2235 (k)
484 2189 573 2227 Fac.
603 2192 735 2225 natur.
768 2182 816 2225 ll.
848 2194 881 2225 c.
906 2189 941 2228 8.

389 2239 441 2287 (1)
479 2237 642 2279 ΟΑιΕΝ.
669 2234 748 2285 fac.
775 2243 858 2274 nat.
891 2233 942 2277 ΙΙ,
974 2245 1008 2276 ο.
1036 2245 1074 2277 2.

388 2293 467 2340 (m)
495 2291 641 2331 facult.
671 2296 805 2327 natur.
837 2286 886 2328 Il.
917 2299 953 2328 C.
977 2299 1012 2337 3.

393 2344 459 2391 (n)
488 2342 653 2383 GALEN.
684 2343 728 2380 de
755 2349 845 2380 atra
872 2341 955 2381 bile.
1095 2334 1157 2386 (ο)
1186 2334 1319 2384 [nm-1,
1349 2333 1443 2375 ibid.

391 2397 457 2446 (p)
494 2395 618 2434 Utilit.
639 2402 742 2442 part.
775 2392 837 2433 lV.
871 2404 904 2435 c.
930 2402 991 2440 13·

395 2450 457 2497 (q)
488 2446 547 2485 De
574 2447 788 2484 nutritione
816 2445 894 2495 agit
923 2444 964 2483 in
990 2441 1035 2486 L.
1054 2439 1103 2482 ΙΙ.
1135 2439 1368 2484 sermonum,

388 2500 444 2548 (ῐ)
475 2498 639 2540 GALEN.
675 2497 883 2540 introdue'l.

395 2553 453 2601 (s)
481 2552 630 2591 facult.
662 2559 795 2588 natur.
825 2548 868 2592 L.
893 2546 940 2588 II.
972 2559 1005 2588 c.
1033 2559 1068 2597 3.

395 2606 449 2653 (t)
479 2604 599 2643 Hire.
627 2603 663 2642 ὃς
694 2601 798 2644 GAL.
817 2604 950 2652 placit.
981 2599 1046 2641 VI.
1079 2612 1111 2640 c.
1131 2612 1165 2641 1.
1222 2596 1351 2649 Dzffic.
1377 2591 1475 2648 pull:

394 2658 459 2706 (u)
488 2656 654 2695 GALEN.
682 2653 802 2692 H1PP.
834 2654 961 2693 PLA'r.
988 2654 1120 2703 placit.
1149 2650 1196 2695 V.
1226 2663 1259 2691 c.
1280 2655 1317 2693 6.

395 2710 461 2759 (x)
491 2706 619 2757 Dzffic.
645 2703 740 2755 pull]
771 2705 836 2745 IV.
869 2719 900 2746 c.
931 2719 965 2750 ι,

397 2764 461 2811 (y)
489 2759 587 2810 1)ζῂἵῖ
618 2759 712 2809 puls}
745 2758 808 2799 IV.
842 2770 873 2797 e.
897 2770 935 2800 2.

392 2815 454 2862 (z)
492 2814 584 2853 Util.
611 2809 741 2862 rqspir.
773 2823 794 2849 c
835 2822 867 2848 1.
927 2806 1026 2860 Dzff:
1047 2806 1147 2860 puff.

391 2868 451 2914 (a)
477 2865 544 2903 An
560 2861 677 2914 sang,
705 2871 837 2902 natur.
866 2865 908 2900 in
934 2870 1012 2905 art.

393 2919 458 2967 (b)
484 2919 649 2956 Admin.
681 2923 790 2955 anat.
818 2913 859 2954 L.
885 2913 988 2957 VIH.
1018 2925 1050 2952 c.
1076 2927 1110 2961 ς.
1247 2909 1308 2961 (c)
1337 2907 1437 2953 lbid,
1468 2906 1511 2948 L.
1535 2904 1617 2948 VII.
1648 2914 1732 2949 αι.

398 2972 464 3019 (d)
493 2970 657 3009 GALEN.
689 2968 730 3006 in
764 2969 965 3006 Timaeum.

395 3024 457 3071 (e)
486 3022 738 3062 PLUTARCH.
763 3020 894 3069 placit.
930 3017 972 3059 V.
1003 3029 1036 3056 c.
1059 3030 1094 3066 9.

397 3076 460 3127 (f)
490 3070 896 3167 MAcssansaturnal.
917 3068 1063 3117 L.V11,
1119 3066 1319 3119 AEgrihaec
1335 3066 1631 3109 Eusxsrnxrx
1653 3061 1798 3104 monita
1812 3058 2104 3102 Pmnnerws
2127 3054 2224 3107 fert,
2253 3055 2389 3112 Quqst,

501 3140 608 3168 conv·
714 3154 723 3166 ο
753 3137 788 3171 c·
809 3137 841 3168 10
1482 3142 1491 3148 ⁵
