2556 3442
311 165 372 211 ,ω
700 159 703 161 “
786 130 841 156 ”
910 139 1241 200 ‘tram
1339 141 1681 195 GaAEcL

442 288 540 336 Lib.
570 287 697 337 Vm.
738 286 802 349 (s)
819 321 830 334 .
877 287 948 334 De
975 286 1157 348 organis
1182 282 1500 345 respirationis.
1569 278 1850 328 Animalibus
1880 293 1980 339 quae
2002 277 2245 333 inciderit.
2268 278 2355 328 ess'e

313 352 531 400 omnibus
547 363 618 399 12.
644 352 801 405 costas,
826 366 924 397 non
943 351 1070 397 bene.
1138 349 1407 395 Pulmonem
1424 362 1450 403 a
1472 346 1624 404 pleura
1641 343 1814 390 distare.
1879 344 2004 388 Bona
2023 344 2355 402 experimenta:

315 414 544 477 perforato
574 414 756 462 thorace
786 413 840 461 ab
876 429 971 460 uno
1005 415 1138 460 latere
1171 408 1412 457 dimidium
1446 407 1572 453 vocis
1613 407 1784 466 perire,
1831 421 2015 451 onmem
2044 403 2078 450 si
2110 408 2352 466 utrinque,

319 479 455 527 etiam
487 491 668 526 tantum
693 476 905 524 musculis
934 473 1294 522 intercostalibus
1319 467 1502 521 incis1s;
1539 469 1675 516 etiam
1698 469 1847 516 nervis
1880 480 2058 514 tantum
2097 470 2245 529 ligatis
2277 480 2359 516 aut

318 539 504 588 diffeclis
525 575 538 595 ,
575 542 757 588 demum
794 538 1011 585 destructa
1039 536 1234 582 medulla
1268 532 1426 592 spinali
1475 535 1567 590 (ut
1599 544 1752 578 tamen
1787 543 1939 578 motus
1973 529 2088 590 septi
2118 529 2358 578 transversi

316 602 560 663 superfit).
631 603 714 650 Sed
735 606 776 649 ἃ
797 601 934 648 costas
958 599 1123 645 excidit
1138 631 1149 651 ‚
1187 597 1302 642 miro
1325 595 1659 654 experimento,
1699 597 1739 641 &
1761 598 1808 640 in
1832 592 2043 640 musculis
2076 591 2357 654 scapularum

318 665 466 714 incisis
501 667 651 712 nervis
684 678 860 711 motum
887 658 1134 722 suppreffit.
1203 660 1268 706 Ut
1298 657 1487 702 omnino
1520 673 1726 716 magnam
1752 658 1978 703 solertiam
2010 657 2059 702 in
2084 656 2154 703 his
2188 656 2359 716 experi-

317 731 481 776 mentis
508 727 892 775 demonstraverit.
961 723 1053 770 Sub
1078 721 1215 768 finem
1242 720 1343 765 libri
1371 730 1528 764 contra
1557 720 1956 766 ERASISTRATUM
1987 721 2173 765 meliora
2195 718 2360 766 docen-

319 805 438 845 tem,
477 791 704 837 ostenderc
736 791 864 839 vult,
902 785 982 832 effe
1016 786 1065 830 in
1095 786 1272 843 'pertore
1294 789 1466 833 aerem,
1502 795 1695 840 eumque
1721 783 1955 840 adparere,
1993 780 2025 827 si
2056 799 2132 842 per
2166 781 2247 829 has
2286 783 2360 828 vel

318 857 415 901 illas
439 854 841 900 administrationes
866 846 1077 895 aceessum
1102 846 1187 893 tibi
1215 845 1270 891 ad
1299 861 1370 891 eas
1403 855 1548 903 partes
1575 845 1813 903 aperueris.
1882 842 1979 902 Ipse
2005 855 2156 890 tamen
2173 843 2365 897 fateturr

317 920 368 964 in
396 917 569 976 exiguis
593 912 956 974 respirationibus
986 911 1065 956 vix
1098 910 1307 969 adparere
1325 941 1338 961 ‚
1373 908 1639 968 pulmonem
1663 923 1686 952 a
1712 904 1964 952 transverso
1990 904 2115 966 septo
2134 907 2354 954 recedere.

444 1009 541 1057 Lib.
563 1008 647 1054 IX.
688 1008 759 1053 De
787 1006 982 1052 cerebro.
1050 1006 1224 1052 Partem
1251 1004 1445 1064 aliquam
1465 1001 1602 1062 hujus
1620 1016 1850 1048 anatomes
1872 1000 2090 1048 describit.
2160 1003 2362 1063 Spatium

318 1073 400 1122 effe
423 1075 543 1120 inter
573 1071 731 1117 duram
761 1071 803 1116 &
829 1069 948 1129 piam
971 1068 1305 1119 membranam3
1349 1064 1516 1126 septem
1542 1066 1740 1111 lucidum
1768 1066 1901 1118 dicit,
1937 1063 2172 1118 fornicem,
2210 1082 2371 1126 aquae--

319 1137 534 1189 eludium,
571 1134 650 1193 qui
674 1149 771 1179 non
797 1132 914 1177 bene
940 1143 1129 1178 vocatur
1162 1133 1360 1181 SYLvn,
1405 1128 1663 1181 conarium,
1707 1129 1849 1174 flexus
1891 1126 2204 1181 chorioideos,
2252 1145 2361 1175 ven-

319 1202 537 1248 triculum
566 1197 751 1243 tertium
781 1196 916 1241 etiam
944 1196 986 1241 &
1011 1206 1227 1254 quartum
1247 1227 1259 1246 ‚
1304 1193 1525 1238 calamum
1556 1189 1844 1252 scriptorium
1865 1209 1879 1242 3
1932 1192 2139 1236 Multum
2161 1190 2236 1238 hic
2252 1190 2361 1238 usus

319 1265 646 1312 HEROPmLo.
715 1258 1006 1305 Ventriculos
1047 1257 1220 1320 primus
1255 1255 1385 1304 dixit.
1449 1255 1583 1303 Tuba
1612 1253 1853 1302 aurificum
1887 1253 1943 1300 ad
1976 1252 2230 1301 inflandum
2266 1266 2362 1302 ute«
2413 1296 2416 1299 ,

290 1398 295 1401 .
318 1328 449 1374 batur
480 1327 571 1384 (t).

448 1421 586 1468 Periit
612 1419 784 1479 reliqua
817 1417 957 1477 hujus
985 1417 1087 1463 libri
1110 1417 1193 1463 IX.
1225 1432 1352 1476 pars,
1397 1417 1440 1462 ὃς
1467 1414 1674 1460 medullae
1711 1411 1894 1474 spinalis
1931 1425 2152 1461 anatome.
2239 1414 2363 1462 Tum

320 1484 417 1533 Lib.
438 1486 499 1531 X.
529 1484 582 1529 de
598 1484 758 1535 oculo,
781 1483 960 1541 lingua,
995 1478 1239 1540 pharynge.
1308 1479 1405 1526 Lib.
1419 1479 1503 1524 XI.
1530 1478 1583 1524 de
1609 1479 1808 1538 larynge,
1833 1476 1918 1524 offe
1937 1476 2118 1537 hyoide.
2178 1478 2227 1524 L.
2250 1478 2362 1525 XII.

322 1550 376 1595 de
403 1548 664 1594 arteriarum
697 1560 1003 1604 venarumque
1030 1542 1227 1588 historia.
1295 1543 1344 1589 L.
1366 1541 1496 1588 XIII.
1532 1541 1585 1586 de
1611 1541 1762 1586 nervis
1791 1541 1959 1587 cerebri
2042 1542 2139 1588 Lib.
2156 1541 2289 1593 XIV,
2308 1540 2363 1588 de

321 1612 472 1658 nervis
505 1610 710 1656 medullae
742 1607 938 1668 spinalis.
1008 1606 1104 1653 Lib.
1130 1605 1241 1652 XV.
1273 1604 1326 1651 de
1356 1604 1556 1665 partibus
1582 1603 1870 1664 genitalibus.
1950 1604 2020 1651 Ita
2047 1605 2170 1652 enim
2196 1604 2360 1662 GALE÷

322 1688 418 1723 Nus
447 1671 530 1720 hos
558 1673 694 1719 libros
726 1673 774 1717 in
799 1669 875 1717 sua
909 1670 1197 1730 propriorum
1221 1683 1411 1729 operum
1439 1666 1623 1715 historia
1648 1665 1846 1715 recenset
1880 1664 1955 1726 (u)
1972 1702 1983 1713 .

456 1767 645 1818 Seorsim
674 1767 943 1828 prodierunt
979 1766 1080 1812 libri
1113 1764 1165 1811 de
1199 1762 1582 1811 administratione
1616 1764 1870 1810 anatomica
1902 1761 2077 1810 Parifiis
2106 1774 2239 1820 1531.
2279 1762 2361 1812 fol.

323 1836 518 1892 utlego,
554 1844 758 1878 vertente
777 1832 819 1892 J.
840 1832 1152 1877 GUINTHERO
1181 1824 1526 1880 Andernacenfi,
1558 1839 1660 1874 tum
1693 1828 1824 1887 Lyon
1841 1839 1892 1885 15
1904 1839 1975 1884 51.
2014 1825 2153 1872 16⁰.*.
2205 1829 2362 1874 Graece

322 1897 494 1944 Parisiis
520 1908 653 1953 1531.
683 1893 761 1940 fol.
798 1892 921 1939 Bafil.
959 1904 1093 1949 1531.
1130 1890 1208 1937 fol.
1277 1893 1395 1938 Cum
1437 1892 1482 1936 ll.
1519 1890 1572 1936 de
1605 1889 1889 1951 musculorum
1929 1902 2047 1937 motu
2076 1891 2135 1936 II.
2185 1889 2363 1937 Basileae

327 1973 460 2018 1544.
497 1968 564 2017 40.
597 1960 727 2018 CAJO
758 1957 944 2009 edente,
982 1958 1024 2002 δι
1049 1954 1364 2001 adnotationes
1388 1954 1640 2013 adjiciente.
1709 1954 1860 2000 Vertit
1895 1954 2028 1999 etiam
2065 1953 2236 2000 Gallice
2263 1955 2365 2000 DA-

327 2035 673 2073 meminimus,
723 2022 765 2066 &
791 2022 913 2079 prius
945 2019 1117 2066 Gallice
1139 2018 1400 2079 prodierant
1433 2019 1564 2076 Lyon
1594 2026 1728 2074 1512.
1762 2016 1823 2070 8⁰.
1859 2017 2164 2063 WACHEND.

453 2117 610 2164 Codex
636 2116 775 2162 exstat
797 2116 844 2161 in
873 2114 983 2161 Bibl.
1011 2116 1069 2162 D.
1096 2114 1299 2167 MARCI,
1337 2114 1379 2160 &
1406 2113 1457 2159 in
1480 2108 1707 2159 Parifienfi
1737 2127 1907 2173 graecus
1931 2127 1976 2158 n.
2003 2117 2140 2167 1819.
2181 2123 2279 2160 tum
2310 2113 2362 2161 in

323 2179 524 2231 Leidenfi
550 2182 590 2227 &
619 2180 668 2226 in
687 2179 888 2226 Medicea
915 2179 1064 2239 aliqua
1094 2189 1314 2237 excerpta.

457 2276 668 2325 Vocalium
699 2276 1065 2335 insti-zmzentormn
1096 2270 1273 2334 dzfflt’c‘lio
1300 2273 1544 2332 interprete
1577 2273 1810 2333 Augustino
1839 2271 2175 2320 GADALDINO.
2256 2272 2364 2320 Car-

256 2352 262 2355 *
322 2341 530 2401 tilagines
554 2339 748 2399 laryngis
779 2350 865 2384 tres
892 2335 1114 2390 recenset,
1150 2349 1204 2382 ut
1228 2335 1529 2394 arytaenoidea
1552 2336 1686 2381 unica
1717 2348 2006 2381 numeretur:
2059 2333 2250 2382 musculi
2271 2337 2363 2397 ple-

321 2408 449 2466 rique
469 2401 542 2449 hic
559 2402 772 2448 dicuntur
787 2434 799 2453 ‚
835 2401 967 2447 ctiam
988 2399 1402 2459 aryarytaenoideus
1422 2433 1434 2451 ,
1469 2398 1712 2445 ventriculi
1741 2398 1938 2459 laryngis
1953 2432 1966 2452 ,
2002 2399 2178 2459 glottis.

453 2500 608 2546 Graece
636 2512 732 2542 non
763 2496 912 2542 exstat.
981 2495 1156 2541 Prodiit
1189 2497 1320 2555 Lyon
1345 2507 1478 2552 1551.
1520 2495 1642 2541 16⁰?l<
1679 2500 1814 2552 1556.
1851 2493 1913 2548 8⁰.
1960 2496 2012 2541 A.
2046 2494 2360 2542 GADALDINO

323 2568 566 2675 inteffirete
596 2576 698 2671 zuonsi
709 2560 827 2653 valiis
856 2561 1019 2606 GUNZ.
1085 2560 1214 2605 Num
1239 2557 1313 2605 hic
1336 2559 1446 2606 liber
1476 2555 1530 2604 fit
1553 2556 1607 2605 de
1633 2573 1772 2611 voce,
1808 2559 1938 2618 cujus
1968 2556 2111 2604 codex
2133 2555 2273 2604 exstat
2292 2559 2362 2605 in-

323 2641 392 2676 ter
479 2637 597 2672 Eme
712 2659 721 2668 .

451 2719 551 2769 Lib.
586 2718 638 2768 de,
673 2715 905 2777 dzffiefiione
938 2716 1076 2763 vulva:
1111 2717 1305 2776 (nempe
1340 2714 1523 2771 uteri).
1610 2714 1852 2763 Manifesto
1883 2716 2048 2762 iterum
2081 2713 2356 2776 adgnoscas,

325 2789 582 2835 GALENUM
607 2781 803 2826 humana
833 2779 1047 2825 cadavera
1074 2797 1170 2825 non
1189 2778 1400 2825 incidisse.
1472 2781 1664 2825 Uterum
1691 2781 1811 2825 enim
1838 2780 1888 2825 in
1917 2779 2098 2824 cellulas
2127 2795 2222 2824 non
2246 2779 2361 2826 divi-

323 2851 372 2898 di
406 2845 661 2895 rationibus
697 2841 833 2889 variis
867 2841 1168 2890 demonstrare
1196 2842 1378 2904 satagit,
1421 2857 1525 2887 cum
1558 2843 1693 2890 unica
1731 2841 1963 2889 muliebris
1994 2842 2114 2890 uteri
2143 2840 2361 2902 inspestio

2155 2935 2165 2940 -
2230 2901 2363 2954 suffe·

375 3005 434 3108 ἓξ
459 3003 567 3098 ἓίῑαε
588 3002 654 3046 lib.
678 3001 727 3042 de
743 3001 972 3100 pzzltnogum
1002 2999 1054 3049 Εςθ
1074 3000 1241 3040 thoracis
1265 3008 1402 3045 motu,·
1433 2999 1468 3040 ἃ
1496 2998 1544 3040 de
1565 2996 1827 3052 respirationis
1849 3012 1920 3039 cau
1949 3013 1979 3044 5.

492 3086 504 3100 .
534 3069 571 3100 2.
804 3065 847 3103 u)
915 3080 924 3090 .
958 3063 991 3103 ς.
1868 3078 1870 3080 ,
