2556 3442
506 121 551 180 ς.
587 129 697 184 614.
735 127 843 182 615.
909 120 1097 170 PHIL
1143 119 1292 182 JAC.
1333 120 1799 170 HARTMANN.
2092 129 2183 184 675

219 264 227 272 ·
267 249 359 310 Obs
386 262 461 298 20.
500 252 724 298 Anatome
754 249 932 297 fetuum
962 249 1013 295 in
1042 247 1229 294 sceletos
1258 245 1595 293 conversorum.

266 333 359 390 Ohsl
387 344 462 380 22.
502 333 641 379 Varia
664 333 713 378 in
734 332 919 377 renibus
947 331 1136 389 aliisque
1161 328 1366 389 partibus
1387 339 1760 388 praeternaturam
1789 329 1935 386 ῑαᾶᾶς
1965 342 2046 379 aut
2070 347 2182 381 rara.

262 413 355 472 Obfi
383 426 457 470 23.
495 415 720 460 Anatome
745 409 951 458 veficulae
981 407 1116 455 fellis.

255 495 314 540 Et
344 494 426 553 obst
452 506 526 552 24.
561 494 769 540 Lienum.

259 575 351 635 Obfi
377 582 451 623 26.
483 576 570 621 Pro
598 573 864 633 androgyna
894 573 1008 618 male
1028 570 1196 617 habita.

258 655 353 718 Qbfi
375 668 451 714 27.
487 655 675 701 Vitulus
703 652 812 700 sexu
844 666 1041 713 utroque
1064 650 1342 714 imperf'etsto.

257 737 349 796 Obfi
375 749 445 793 31.
483 737 673 783 Porcelli
697 734 880 796 disparis
907 736 1056 781 molis.
1089 744 1097 751 “

257 817 349 877 Ohfi
378 829 447 875 32.
479 820 655 865 Turtur
684 817 739 863 ab
762 815 975 862 obesitate
1001 811 1264 863 suffocatus.

253 899 346 959 obs
373 914 444 954 50.
486 899 787 946 Ventriculus
816 897 967 951 siluri,
1006 899 1196 958 ejusque
1223 908 1375 943 motus
1400 895 1712 957 peristalticus.
1736 894 1739 895 ⁷

244 983 300 1028 In
335 981 559 1044 appendice
578 1016 590 1035 ,
629 993 787 1027 contra
815 981 1152 1040 generationem
1184 979 1452 1024 animalium
1487 979 1537 1026 in
1568 986 1680 1025 aere.

244 1067 361 1111 Ann.
388 1065 473 1110 IX.
510 1061 833 1110 Morbosorum
860 1077 1104 1121 corporum
1127 1054 1384 1107 incisiones.

248 1150 366 1192 Ann.
391 1147 452 1193 X.
487 1145 568 1205 obst
599 1156 701 1203 159.
740 1146 908 1190 Atreta.

246 1227 342 1287 Obs.
374 1235 476 1275 162.
510 1228 645 1274 Fetus
670 1227 868 1273 termino
894 1222 1064 1277 similis,
1101 1224 1282 1284 unipes,
1308 1223 1351 1270 &
1377 1222 1532 1268 omnia
1552 1222 1602 1269 in
1626 1221 1870 1273 visceribus
1891 1222 2167 1286 imperfeeta.

241 1312 346 1355 Dec.
374 1310 453 1356 ΙΙΙ.
485 1327 584 1355 ann.
604 1310 662 1356 ΙΙ.
694 1309 776 1368 ohJI
808 1319 911 1364 193.
950 1309 992 1354 &
1017 1310 1122 1354 Dec.
1147 1306 1206 1353 II.
1239 1323 1338 1352 ann.
1361 1305 1443 1353 IV.
1482 1303 1564 1365 obs.
1587 1300 1677 1364 73(
1710 1307 1981 1356 Lumbricus
2008 1300 2178 1369 hydro-

105 1371 260 1432 picus,
299 1374 435 1419 ctiam
456 1375 655 1422 TYSONI
677 1374 838 1420 dietus.

244 1454 337 1514 Ohs.
370 1467 471 1514 194.
510 1456 664 1515 Hepar
699 1456 997 1517 gallinaceum
1027 1454 1212 1515 pingue.

242 1536 339 1596 Obs.
377 1550 479 1595 195.
516 1537 629 1584 Lien
659 1537 709 1584 in
736 1535 813 1584 sue
836 1537 1058 1598 geminus.

232 1622 349 1666 Ann.
370 1620 454 1667 IV.
489 1619 570 1679 obs?
590 1625 665 1676 83.
697 1619 852 1666 Partus
876 1636 899 1665 a
921 1630 1092 1672 morte,
1131 1634 1235 1665 cum
1260 1616 1397 1665 bonis
1418 1615 1701 1664 testimoniis.

233 1705 349 1746 Anu.
372 1702 477 1748 VII.
503 1702 632 1749 VHI.
661 1702 744 1761 obſs
770 1708 838 1756 38.
896 1701 1067 1747 Vitulae
1093 1697 1371 1745 monstrifica
1403 1699 1644 1759 genitalia,
1688 1698 1954 1748 intestinum
1990 1704 2170 1751 testum

101 1764 281 1826 vaginae
307 1764 553 1819 insertum,
586 1777 745 1813 uterus
773 1766 822 1811 in
848 1766 1049 1825 amplum
1074 1762 1252 1809 saecum
1279 1761 1490 1809 insertus.

230 1850 346 1915 Anu.
362 1848 446 1894 IX.
464 1848 523 1894 X.
545 1847 627 1906 obs.
649 1859 750 1904 103.
789 1846 967 1894 Hoedus
983 1844 1398 1906 hermaphroditus,
1417 1862 1529 1905 pene
1544 1843 1787 1907 perforato,
1804 1857 1936 1893 utero
1957 1844 2169 1895 deformi.

236 1928 330 1988 Obfi
359 1935 459 1984 189.
489 1931 530 1975 ἃ
554 1927 648 1989 sqq.
689 1930 825 1976 Fetus
849 1926 1117 1974 monstrifici
1132 1927 1287 1988 aliqui.
1355 1927 1510 1989 Biceps
1534 1928 1888 1990 unicorporeus,
1923 1929 2046 1991 pelvi
2065 1927 2168 1977 fim-

103 1991 238 2053 plici,
272 1992 485 2040 cordibus
509 1993 706 2040 duobus.

233 2073 326 2133 obs
354 2087 458 2131 190.
492 2075 692 2122 Sceletus
717 2074 824 2137 Jani
851 2072 1007 2121 similis
1033 2073 1155 2120 varie
1181 2068 1420 2120 difformis.

237 2155 329 2214 Ohs
363 2170 463 2212 191.
512 2158 645 2203 Uteri
684 2157 811 2203 ovilli
838 2157 1007 2202 collum
1042 2155 1092 2201 in
1130 2156 1366 2214 ligamenti
1391 2153 1578 2215 speciem
1611 2132 1887 2210 coalescens,
1937 2158 1979 2203 &
2011 2169 2165 2206 tamen

95 2215 253 2265 fetus
244 2235 292 2264 m
326 2236 377 2266 co
409 2220 606 2266 adultus.
652 2221 851 2266 Contra
883 2221 1098 2267 tubarum
1131 2217 1375 2266 officium:
1434 2221 1600 2265 miram
1634 2220 1686 2265 de
1719 2221 1856 2266 modo
1895 2222 2162 2282 impraegna-

95 2283 236 2330 tionis
260 2281 533 2344 hypothesin
561 2283 708 2330 habet

227 2365 320 2424 Obs
351 2378 452 2421 19.
489 2366 651 2412 Ovum
677 2364 933 2412 humanum
962 2364 1168 2426 undique
1188 2362 1427 2419 villosum,
1458 2365 1509 2411 in
1543 2381 1635 2426 quo
1661 2363 1783 2412 fetus
1810 2367 2044 2427 papaveris
2061 2383 2159 2430 gra-

90 2443 153 2475 no
187 2445 285 2475 non
316 2430 477 2490 major.

217 2511 297 2622 EJI.
335 2515 415 2620 ξε
453 2514 529 2564 iis,
577 2528 666 2571 quae
688 2524 841 2559 contra
858 2515 1066 2574 peritiam
1087 2523 1282 2558 veterum
1313 2514 1596 2558 anatomicam
1627 2510 1873 2570 afferantur
1902 2516 1947 2560 in
1964 2528 2152 2576 genev-,e

87 2579 224 2623 Exere
331 2590 346 2621 1
416 2580 551 2633 1684
578 2589 624 2633 4.

215 2661 365 2722 Exere.
398 2657 454 2703 II
495 2658 706 2713 ib.1687
755 2655 942 2703 Vulnus
979 2657 1126 2704 cordis
1159 2673 1256 2703 non
1280 2659 1504 2705 continuo
1536 2671 1731 2707 mortem
1762 2658 1975 2707 inferens.
2044 2656 2151 2703 Tal-

87 2718 246 2782 parurn
273 2722 459 2768 oculum
482 2722 669 2768 unicum
696 2719 858 2767 habere
887 2721 1141 2768 humorem.

83 2868 123 2913 E
209 2803 284 2912 EJI.
333 2807 401 2912 ᾖξε
439 2808 517 2856 iis,
559 2821 647 2865 quae
676 2815 826 2850 contra
854 2808 1060 2866 peritiam
1087 2807 1375 2850 anatomicam
1415 2815 1610 2852 veterum
1646 2803 1891 2866 afferantur
1916 2805 1961 2848 in
1978 2801 2113 2864 specie
2133 2836 2145 2848 .

119 2882 230 2912 xerc.
288 2902 297 2912 .
331 2882 347 2913 1
381 2903 391 2913 .
420 2872 556 2924 1689.
587 2880 633 2926 4.

212 2947 283 2993 De
312 2947 578 2995 diverticulo
606 2949 930 2999 intestinorum
951 2950 1000 2998 in
1030 2948 1260 3003 salm0ne5
1302 2949 1357 2997 de
1390 2936 1573 3000 &alvula
1604 2949 1693 2997 coli
1724 2949 1776 2996 in
1802 2946 1940 2996 variis
1970 2947 2143 2994 anima-

81 3010 226 3066 libus,
259 3027 368 3073 quas
403 3011 514 3061 duas
540 3011 660 3063 facit.
1077 3048 1171 3109 Qq
1200 3063 1227 3108 q
1249 3062 1279 3108 q
1310 3056 1340 3097 2
1982 3047 2135 3092 Exere·
