2556 3442
853 150 911 215 ς.
939 160 1012 226 59·
1079 155 1127 203 G
1159 155 1199 202 A
1228 154 1267 201 L
1297 153 1336 201 E
1369 152 1420 202 N
1449 154 1496 203 u
1527 153 1572 204 s.
2031 122 2035 123 ⁷
2118 156 2225 215 *151

183 333 186 336 -
311 295 514 344 Libellus
540 290 826 342 breviffimus
860 289 915 336 de
947 299 1067 336 motu
1096 281 1285 336 thoracis·
1312 278 1373 344 &⁷
1398 274 1630 352 pulmonis}
1691 291 1958 345 Pulmonem
1992 316 2016 346 a
2047 298 2227 350 glun-ace

179 371 366 409 motum
391 359 580 412 habere,
612 358 792 404 nullum
826 370 852 401 a
874 351 919 399 se
946 350 1072 413 ipse,
1105 363 1160 399 ut
1184 353 1236 400 in
1266 353 1533 399 vulneribus
1562 352 1784 414 adpareat.

185 519 219 568 P
285 457 431 566 sM.S.
461 454 603 501 exstat
625 453 763 500 latine
796 450 848 497 in
886 451 935 497 Β.
963 450 1018 496 R.
1045 446 1186 508 Paris]
1220 464 1267 496 n.
1288 453 1430 508 6865.
1498 449 1674 497 Prodiit
1714 466 1820 497 curn
1862 458 2094 505 nonnullis
2128 461 2226 510 aliis

221 519 284 566 ari
308 555 319 566 .
353 523 488 578 1536.

209 654 213 655 ⁷
313 612 442 675 ,Quod
463 615 597 659 animi
623 626 758 657 mores
782 613 970 671 corporis
997 620 1328 670 temperamenta
1350 610 1610 670 Jssquantum
1658 610 1900 671 interprete
1936 610 2227 664 Bartholomaeo

186 679 463 728 SYLVANIO.
529 676 601 721 De
625 674 808 721 anima:
855 689 952 719 non
988 673 1129 718 nimis'
1162 673 1305 732 liquet
1341 674 1582 727 (humo,
1629 672 1845 734 superesse
1869 691 1964 720 eam
1986 709 1997 727 ,
2050 680 2229 734 quando

187 756 350 803 corpus
374 737 633 785 destruitur.
701 738 740 783 A
774 737 976 797 corporis
1004 736 1130 783 vitiis
1154 736 1357 782 «animam
1392 737 1522 783 valde
1548 738 1642 798 pati
1669 755 1681 783 ι
1727 740 1769 784 &
1795 754 1820 784 a
1844 738 1952 784 cibis
1988 741 2168 786 mutari.

321 832 495 882 Prodiit
517 832 692 881 Parisiis
724 838 859 891 1528.
896 835 959 887 8⁶.
993 833 1036 879 &
1064 848 1168 878 cum
1195 833 1291 879 aliis
1322 838 1457 890 1617.
1500 836 1592 880 12⁶.
1630 834 1948 882 Gemi-neno
1973 835 2229 897 interprete.

184 898 549 948 Commentarius
576 898 626 945 in
649 913 754 944 eum
780 895 842 943 est
868 897 911 959 J.
941 896 991 942 B.
1011 896 1276 949 Pmsomss,
1310 897 1520 958 Ber-gomi
1550 903 1685 944 1602.
1718 899 1765 944 B.
1791 898 1949 945 Boot..

313 999 383 1042 De
405 992 578 1056 fetuum
603 993 869 1054 formatione
902 991 1146 1051 interprete
1180 995 1228 1045 J.
1266 992 1488 1039 Bernardo
1528 994 1843 1045 Famemnm
1900 994 2062 1056 JANus
2095 995 2231 1042 etiam

185 1060 488 1109 CORNARan
516 1058 668 1104 vertit.
736 1056 807 1102 Ex
828 1053 1105 1108 novistimis,
1143 1057 1185 1101 &
1215 1056 1399 1115 optimis
1427 1056 1626 1102 GAu-:m
1656 1058 1881 1116 operibus.
1948 1059 2231 1106 Animalibus

182 1119 351 1171 iterum
382 1118 605 1168 indulsisse
630 1136 686 1166 ex
709 1117 916 1166 funiculo
953 1117 1204 1165 umbilicali
1241 1117 1481 1179 agnoscas,
1531 1120 1605 1165 cui
1635 1120 1745 1167 duas
1777 1137 1915 1168 venas
1949 1122 2110 1168 tribuit
2129 1156 2142 1176 ,
2186 1124 2227 1170 &

182 1188 330 1234 urinae
356 1184 545 1231 du&um
577 1185 683 1242 (x).
750 1184 837 1230 Pro
871 1179 1106 1242 epigenefi.
1189 1182 1468 1228 Animalium
1500 1180 1820 1230 formationem
1858 1198 2088 1244 comparat
2125 1202 2229 1233 cum

183 1248 457 1298 formatione
484 1249 765 1307 plantarum:
799 1262 856 1292 ex
869 1243 1036 1291 semine
1060 1245 1109 1290 in
1130 1243 1223 1292 istis
1247 1243 1421 1292 sursum
1443 1247 1631 1299 caulem,
1658 1246 1863 1294 deorsum
1889 1249 2109 1295 radiculas
2127 1266 2231 1309 pro-

186 1310 339 1361 tendi:
375 1309 434 1358 fic
461 1326 622 1357 venam
651 1309 957 1356 umbilicalem
979 1306 1088 1355 hinc
1114 1325 1252 1355 venas
1286 1325 1444 1355 omnes
1468 1309 1680 1369 jecinoris
1713 1311 1895 1372 gignere
1916 1346 1928 1365 ‚
1978 1328 2078 1372 quae
2104 1314 2229 1359 colli-

186 1387 353 1439 gantur
376 1376 427 1421 in
449 1389 611 1422 venam
639 1389 821 1426 cavam,
858 1383 971 1418 tunc
997 1371 1122 1418 cordi
1151 1370 1397 1424 insertam5
1438 1372 1544 1419 inde
1569 1389 1707 1420 venas
1732 1376 1930 1434 partium
1960 1374 2229 1423 inieriorum

186 1439 331 1486 edere.
362 1492 374 1499 .
399 1437 576 1483 Venam
601 1435 908 1482 umbilicalem
931 1433 1070 1496 hepar
1105 1432 1296 1482 efficere.
1385 1434 1500 1482 Fuse
1540 1449 1700 1483 contra
1740 1439 2104 1493 Cnmsuspum,
2152 1456 2229 1487 cor
2275 1460 2278 1463 ’

185 1500 286 1550 non
307 1498 507 1562 primum
537 1499 674 1553 oriri,
707 1515 854 1559 neque
878 1515 935 1545 ex
956 1515 1008 1544 eo
1035 1499 1220 1558 reliqua.
1287 1499 1410 1547 Nam
1437 1515 1684 1546 nervorum
1715 1503 1756 1548 &
1776 1503 1968 1556 cerebri,
2003 1502 2228 1549 diversum

184 1563 267 1613 effe
297 1581 323 1611 a
345 1561 456 1611 vasis
483 1565 526 1610 &
548 1562 721 1609 acorde
756 1563 1044 1623 principium.
1112 1562 1471 1609 Fabricationem
1499 1565 1698 1624 corporis
1718 1563 1836 1612 fetus
1858 1564 2025 1612 fatetur
2039 1565 2082 1612 se
2100 1568 2230 1627 igno-

183 1627 307 1681 rare,
341 1642 446 1674 cuni
485 1626 634 1673 anima
666 1642 723 1672 ne
760 1626 949 1686 quidem
981 1626 1033 1671 in
1066 1624 1223 1672 adulto
1247 1624 1434 1672 homine
1465 1625 1570 1674 suos
1601 1626 1827 1675 musculos
1871 1641 2006 1676 notos
2041 1628 2228 1684 habeat,

184 1692 349 1757 quibus
376 1690 547 1744 utitur,
592 1706 740 1750 neque
769 1690 910 1736 ullam
939 1687 1200 1748 sapientiam
1224 1688 1442 1749 poffideat
1472 1702 1602 1737 tanto
1634 1707 1786 1753 parem
1824 1693 1963 1753 operi.
2033 1693 2118 1740 Sed
2152 1709 2230 1740 ne.

184 1770 273 1817 que
300 1755 354 1802 de
376 1755 526 1800 anima
549 1751 594 1800 se
621 1755 732 1801 certi
767 1753 878 1814 quid
908 1750 1044 1799 noffe.

201 1910 205 1912 Β
307 1849 488 1898 Prodiit
516 1865 621 1896 cum
659 1849 898 1896 nonnullis
943 1848 1042 1895 aliis
1088 1860 1294 1896 vertente
1331 1849 1374 1910 J.
1409 1850 1705 1899 GUNTHERO
1757 1850 1929 1898 Parisiis
1969 1857 2104 1909 1536.
2147 1849 2228 1900 fol.

183 1913 357 1966 Gallice
385 1913 438 1960 de
458 1913 503 1960 la
517 1913 759 1975 formation
781 1912 853 1960 des
878 1912 1112 1975 enfans-au
1140 1925 1292 1960 ventre
1317 1913 1369 1959 de
1399 1914 1443 1960 la
1469 1931 1580 1962 mere
1616 1913 1748 1962 Paris.
1782 1928 1916 1972 1559.
1950 1916 2012 1970 8⁹.

307 2011 382 2057 An
402 2025 540 2058 omnes
553 2009 778 2071 particulae
789 2009 910 2071 fetus
931 2025 1017 2055 una
1030 2009 1280 2071 formentur
1304 2013 1408 2058 Nic.
1439 2012 1687 2059 RHEGINO
1711 2011 1970 2072 interprete,
2003 2011 2152 2060 brevis
2178 2013 2230 2060 li-

180 2072 353 2122 bellus:
390 2083 525 2135 negat
549 2085 707 2122 autem
736 2089 829 2121 una
852 2071 1051 2122 formari.

179 2230 214 2280 A
309 2169 484 2218 Prodiit
514 2186 619 2218 cum
655 2169 756 2218 aliis
797 2166 934 2218 Paris.
967 2174 1104 2230 1536.
1139 2167 1220 2219 fol.
1259 2181 1462 2219 vertente
1491 2171 1817 2225 GUNTHERO.
1863 2172 1909 2220 ‘&
1944 2170 2120 2220 Bafileae
2158 2188 2231 2219 eo-

217 2248 287 2280 em
306 2248 443 2280 anno.

311 2328 470 2376 Codex
493 2344 663 2390 graeeus
689 2328 830 2377 exstat
849 2330 900 2382 in
920 2329 1037 2376 Bibl.
1063 2330 1173 2392 Reg.
1206 2328 1341 2378 Paris.
1371 2349 1417 2378 n.
1438 2337 1579 2391 2164.

308 2426 377 2471 De
391 2424 548 2484 semine
573 2425 669 2472 Lib.
685 2425 743 2472 ΙΙ.
764 2423 874 2485 (y),
909 2429 958 2480 J.
975 2426 1195 2474 Bernardo
1218 2427 1502 2475 FELicumo
1529 2428 1788 2488 interprete.
1854 2430 1904 2476 L.
1921 2429 1957 2476 Ι.
1995 2429 2157 2478 Semen
2180 2432 2228 2476 in

183 2496 367 2535 uterum
395 2487 562 2534 venire.
626 2488 787 2535 Fetum
815 2486 914 2534 fieri
941 2505 996 2534 ex
1023 2488 1191 2536 semine
1210 2490 1308 2543 ‚id
1333 2491 1500 2537 nonin
1528 2507 1716 2551 vapores
1751 2490 1962 2553 diffipari,
1995 2505 2049 2540 ut
2073 2493 2228 2540 doceat

186 2551 542 2610 ARISTQTELES
562 2584 576 2604 ,
611 2566 758 2611 neque
782 2567 838 2596 ex
866 2551 1097 2599 menstruo
1128 2552 1348 2615 sanguine
1379 2552 1521 2601 fetum
1551 2553 1751 2601 formari.
1829 2558 1952 2603 Nam
1977 2554 2129 2603 semen
2159 2573 2226 2602 ac-

184 2625 335 2660 curate
360 2612 509 2660 clauso
532 2626 664 2660 utero
692 2614 908 2667 retineri,
945 2616 1123 2675 quoties
1159 2615 1329 2664 femina
1361 2618 1574 2678 concipit.
1641 2621 1708 2665 Ex
1738 2616 1905 2666 semine
1923 2636 2087 2666 nervos
2109 2618 2222 2669 fieri.

185 2678 230 2725 &
259 2678 569 2732 membranas,
601 2679 644 2726 &
675 2675 792 2725 vasa.
859 2678 1038 2726 Deinde
1068 2678 1187 2727 fetus
1215 2680 1269 2726 de
1292 2693 1423 2728 utero
1448 2679 1717 2743 sanguinem
1740 2683 1881 2730 trahit
1912 2685 1955 2731 δι
1985 2682 2189 2746 spiritum
2208 2716 2222 2733 ,

215 2771 221 2775 .
408 2774 412 2775 γ
1194 2745 1244 2792 N
1281 2755 1304 2800 3
2164 2746 2229 2791 ita

213 2871 305 2925 ·(¹)
334 2872 434 2915 Citat
449 2873 535 2917 suos
558 2875 677 2918 libros
707 2876 756 2917 de
778 2884 895 2920 arter.
925 2878 962 2918 ἀ
983 2875 1082 2930 puls.
1112 2880 1200 2922 atil.
1223 2878 1272 2920 de
1291 2876 1364 2931 usu
1390 2875 1677 2932 respirationis,
1708 2877 1756 2919 de
1772 2881 1927 2930 placitis
1956 2878 2158 2935 Hir-roca.
2185 2877 2220 2914 ἀ

340 2926 574 2977 Pam-oms,
610 2931 658 2970 de
683 2928 756 2980 usu
767 2932 945 2979 partium
963 2946 979 2973 .-
1004 2933 1149 2972 librum
1170 2945 1246 2985 quo
1267 2931 1427 2984 refutat,
1456 2946 1538 2985 quae
1554 2931 1824 2972 Gummi-us
1844 2935 1888 2973 de
1909 2934 2042 2973 anima
2056 2926 2220 2980 Jcrlffito

343 2979 379 3017 ἃ
404 2978 432 3020 l.
457 2981 670 3021 de‘animae
679 2982 886 3036 speciebus.

212 3014 215 3016 -
236 3033 302 3088 (y)
327 3036 476 3081 citatus
498 3041 541 3083 in
562 3040 592 3086 l.
616 3041 665 3083 de
688 3049 783 3083 arte.
839 3040 943 3083 Citat
969 3038 1018 3082 V.
1050 3038 1120 3086 ub.
1154 3041 1204 3082 de
1228 3040 1528 3084 unrocum:
1550 3037 1769 3096 affaiom.
