2556 3442
948 122 1524 173 PRAEFATIO.
2201 135 2283 174 vn

202 296 447 371 cundo,
495 296 555 358 in
595 285 893 356 arboribus
929 288 1130 358 etiam,
1175 285 1401 372 perficis
1441 278 1797 371 potissimum
1820 327 1842 358 ‚
1895 282 2121 350 dudum
2158 306 2288 352 ante

215 424 429 488 sextum
462 437 674 482 annum
701 409 1090 499 perficiantur.

387 661 538 725 Vitia
581 651 779 718 indicis
818 650 1248 741 typographica
1284 647 1588 714 numerosa
1633 646 1856 718 video,
1917 650 2065 714 inter
2108 673 2168 713 ea
2211 645 2292 714 est

208 785 416 861 JAcom
447 785 702 846 BAsum
738 800 989 847 nomen,
1042 772 1206 865 quod
1242 778 1302 837 in
1338 770 1462 862 ipso
1490 796 1663 862 opere
1690 775 1840 837 reste
1871 769 2077 860 stripfi'.

389 1027 628 1091 Errores
668 1045 843 1086 nemo
872 1022 1078 1086 vitavit
1114 1042 1406 1109 unquam,
1451 1020 1512 1080 in
1549 1015 1732 1105 longo
1773 1041 1948 1105 opere
1983 1020 2150 1081 etiam
2189 1020 2295 1080 mi-

207 1173 351 1220 nus,
402 1153 463 1212 in
494 1173 615 1238 quo
643 1145 856 1210 necesse
892 1149 956 1209 fi't
991 1143 1108 1206 aliis
1149 1140 1321 1224 fidem
1361 1139 1666 1215 adhibere,
1714 1165 1898 1228 neque
1941 1139 2110 1228 posfis
2142 1142 2296 1203 Tuis

209 1271 389 1337 oculis
415 1271 632 1360 ubique
660 1274 765 1335 uti.
862 1266 929 1331 Id
956 1264 1038 1331 est
1060 1263 1382 1330 cavendum
1398 1311 1418 1340 ,
1470 1289 1541 1327 ne
1566 1263 1924 1351 malignitas,
1971 1283 2068 1329 aut
2093 1260 2297 1328 vitiosa

207 1393 510 1472 voluntas,
538 1417 798 1483 unquam
821 1415 927 1458 nos
963 1394 1139 1456 averi
1161 1392 1386 1454 tramite
1414 1386 1678 1454 abducat.

382 1637 496 1706 Sed
522 1662 709 1728 neque
733 1634 879 1702 mihi
902 1634 962 1701 id
991 1633 1271 1712 studium,
1299 1639 1344 1700 is
1363 1635 1690 1726 praecipuus
1717 1636 1828 1699 mei
1859 1631 2069 1698 laboris
2092 1630 2299 1721 scopus

205 1760 345 1840 fuit,
369 1762 533 1853 quod
556 1762 741 1851 vulgo
755 1759 1253 1850 Bibli'ographiam
1276 1781 1489 1825 vocant
1503 1806 1521 1835 ,
1547 1779 1610 1823 ut
1634 1777 1894 1823 accurate
1913 1754 2191 1820 editiones
2207 1759 2300 1818 in-

202 1884 597 1976 vestigentur,
648 1904 1092 1974 comparentur,
1140 1904 1391 1948 externae
1430 1882 1544 1952 iHae
1588 1886 1648 1945 in
1685 1879 1870 1951 mole,
1921 1884 1981 1942 in
2006 1897 2186 1970 typ0,
2233 1884 2295 1942 in

206 2015 365 2076 annis
392 2029 554 2075 notae
592 2006 960 2073 definiantur.
1053 2007 1198 2072 Non
1238 2004 1487 2096 repudio
1526 2005 1676 2069 hanc
1703 2007 2124 2077 curiofitatem‚
2178 2003 2297 2064 exi-

207 2156 320 2221 gua
347 2153 536 2197 tamen
576 2137 696 2218 eju's
733 2129 878 2194 mihi
913 2128 1152 2219 quidem
1191 2131 1404 2194 utilitas
1447 2128 1698 2194 videtur.
1807 2128 1962 2192 Finis
1998 2123 2145 2191 mihi
2183 2121 2296 2188 fuit

211 2251 543 2329 ostendere,
588 2253 732 2344 quid
776 2259 966 2343 quivis
1007 2258 1315 2320 austorum
1357 2251 1458 2318 fibi
1501 2257 1757 2342 propriae
1793 2248 2032 2315 haberet
2078 2245 2295 2322 laudis,

206 2374 350 2464 quid
384 2382 594 2444 rediius
631 2376 899 2451 vidistin,
965 2375 1108 2466 quid
1153 2381 1393 2464 primus,
1490 2380 1761 2466 Denique
1811 2394 1875 2440 ut
1911 2374 2157 2463 aliquem
2198 2396 2291 2436 eo·

205 2523 339 2564 rum
380 2497 617 2588 gustum
639 2499 868 2574 darem,
917 2525 1051 2588 quae
1083 2498 1308 2587 possent
1346 2500 1416 2564 ab
1448 2526 1517 2564 eo
1546 2497 1698 2564 libro
1732 2503 2058 2588 exsped'iari.
2153 2493 2292 2560 Bib-

205 2620 528 2713 liographia
567 2623 757 2687 multo
812 2621 1141 2687 uberiorem
1194 2620 1531 2712 postulaffet
1598 2620 2047 2695 Bibliothecam,
2165 2620 2290 2705 Ego

138 2762 148 2764 ⁷
207 2769 298 2808 me
345 2751 405 2810 in
452 2751 520 2810 iis
569 2750 873 2820 continui,
937 2771 1070 2834 quae
1111 2745 1224 2834 ipse
1272 2745 1491 2834 possem
1541 2744 1810 2835 praestare
1861 2770 2019 2811 meos
2067 2768 2166 2831 per
2214 2741 2287 2803 la-

207 2865 393 2934 bores,
489 2874 654 2952 Qos
705 2894 825 2934 non
872 2867 985 2958 ipse
1031 2869 1179 2957 legi,
1228 2896 1324 2936 eos
1371 2870 1672 2959 scriptores
1721 2867 1907 2935 dimisi
1954 2865 2157 2952 absque
2204 2861 2290 2926 ul·

1208 2991 1218 2995 *
2234 2982 2288 3047 io
