2556 3442
601 152 647 212 §-
685 158 777 212 360
812 178 873 188 -
907 159 1013 213 363.
1080 151 1135 200 R.
1171 148 1602 201 CARTESIUS.
1669 156 1844 208 ALH.
2170 168 2262 221 387

202 287 340 343 1637.
358 295 403 343 4.
419 283 725 338 Cnnrsom&
746 288 880 342 1658.
893 294 938 342 4.
955 282 1146 333 CmoN,
1169 278 1283 339 saepe
1303 278 1437 325 etiam
1452 279 1608 333 latine,
1623 283 1739 330 utin
1753 287 1964 345 operibus
1978 287 2260 337 Amsterdam

199 353 337 407 1656.
353 360 398 407 4.
427 348 604 398 Cmou
632 348 757 396 Leid.
778 353 912 404 1677.
941 346 1020 404 4.*
1053 342 1415 414 Amifc.169z.4.
1442 343 1675 392 Bunciffl.
1742 348 2056 411 Philosophica
2076 355 2256 401 omitto,

174 412 467 473 ‘Dioptricen
491 429 574 472 pro
601 413 776 473 optimo
807 423 996 469 operum
1029 407 1096 454 Cl.
1124 408 1214 454 vrri
1244 407 1526 454 NOLLETUS
1554 407 1691 455 habet
1723 410 1826 465 (u),
1859 414 1900 458 &
1922 429 2073 461 veram
2095 418 2258 477 utique

195 475 250 522 dc
262 477 460 537 partium
475 476 598 523 oculi
611 473 877 522 muneribus
893 470 1164 517 sententiam
1178 468 1358 517 secutus
1371 469 1447 523 est,
1479 469 1558 517 etsi
1571 472 1622 518 in
1641 470 1772 519 eausa
1784 471 2066 524 refractionis
2081 493 2258 527 contra-

192 541 310 586 riam
349 555 466 588 verae
505 541 769 599 opinionem
810 532 1061 595 proposuit.
1152 535 1343 581 Lentem
1369 533 1672 594 crystallinam
1695 553 1720 582 a
1752 536 1954 597 proceffu
1988 540 2128 587 ciliari
2151 559 2259 590 eon-

193 604 428 650 vexiorem
454 602 595 654 reddi,
624 603 666 646 ὃς
685 599 873 646 oculum
901 599 1171 659 longiorem.
1239 598 1462 658 Pupillam
1477 599 1533 645 ad
1555 601 1769 659 propiora
1795 601 1983 655 aretari,
2017 602 2073 648 ad
2085 618 2258 653 remota

192 668 348 713 laxari.
419 665 557 714 Oculi
589 662 785 716 fabrica,
817 663 1195 723 Experimentum
1236 663 1365 722 pietae
1407 663 1459 709 in
1487 662 1680 723 expansa
1718 665 1865 711 retina
1892 665 2118 726 imaginis.
2184 670 2257 714 De

192 728 446 777 sensatione
471 729 522 774 in
546 724 813 774 universum
837 728 879 773 ἃ
905 726 1219 773 denervorum
1235 723 1423 779 fabrica.
1492 727 1675 776 Auxilia
1692 728 1919 777 vitrorum
1942 745 2257 779 convexerunt

194 796 237 841 &
261 808 580 840 concavorum.
644 791 798 838 Multa
830 807 883 837 eo
908 801 1111 851 tempore
1137 806 1304 851 parum
1328 802 1455 838 nota.

318 874 444 920 Inter
477 873 721 936 Epistolicas
752 873 986 933 quaestiones
1013 873 1069 919 T.
1097 872 1441 922 BEanovmn
1489 873 1738 923 Roterdam
1761 879 1902 936 1644.
1927 873 2009 931 8.*
2041 873 2223 924 excusas
2239 880 2259 931 5

191 940 369 998 aliquot
394 935 501 984 sunt
527 938 777 984 CARTESII
815 936 870 982 ad
908 936 1138 982 medicum
1174 936 1502 985 Lovaniensem
1528 939 1658 986 datae.
1744 940 1787 987 Is
1824 939 2120 994 defendebat,
2160 943 2257 987 vim

189 1000 440 1063 pulflficam
471 1017 548 1061 per
580 1001 865 1046 membranas
895 1001 1071 1046 arteriae
1102 1000 1324 1054 influere,
1370 1002 1565 1063 negabat
1599 1001 1867 1063 sanguinem
1900 1003 2171 1052 rarefacstum
2200 1005 2257 1050 cle

193 1065 327 1112 corde
358 1065 567 1126 prodire,
607 1067 648 1111 ἃ
688 1066 929 1111 circuitum
966 1062 1200 1125 sanguinis
1233 1066 1598 1113 HARVEIANUM
1628 1066 1869 1115 refutabat.
1937 1069 2113 1116 Contra
2150 1083 2257 1115 eum.

195 1131 480 1176 CARTEsms
496 1128 611 1175 bene
625 1130 808 1190 longam
827 1127 1061 1188 epistolam
1080 1144 1203 1175 anno
1227 1134 1362 1188 1637.
1400 1127 1596 1190 scripsit,
1632 1146 1688 1177 en
1714 1133 2076 1192 experimentum
2092 1133 2256 1180 GALE-

189 1207 361 1241 Nxcum
389 1191 632 1246 refutavit,
670 1192 794 1253 quod
827 1191 881 1238 fit
919 1193 1092 1238 calamo
1130 1192 1181 1239 in
1207 1195 1414 1239 arteriam
1445 1191 1628 1241 inserto.
1715 1195 1852 1242 Calor
1887 1195 2052 1243 insitus
2089 1196 2255 1243 cordis.

190 1258 471 1318 Sanguinem
506 1256 561 1302 de
590 1258 726 1318 ligata
755 1256 917 1302 arteria
948 1255 1066 1302 vidit
1094 1254 1296 1316 prosilire
1314 1291 1326 1310 ,
1364 1257 1473 1303 dum
1492 1274 1542 1304 ea
1563 1257 1927 1307 distendebatur:
1961 1257 2088 1307 basin
2106 1260 2257 1307 cordis

189 1322 269 1367 diu
309 1320 597 1381 supervivere
629 1319 796 1366 rese&o
820 1335 1071 1366 mucrone:
1120 1318 1325 1367 defendit
1349 1319 1617 1382 sanguinem
1644 1323 1697 1368 de
1735 1323 1868 1370 corde
1891 1324 2099 1384 prodire,
2141 1324 2252 1370 dum

188 1386 433 1431 relaxatur.
504 1385 760 1431 Circuitum
789 1385 1148 1444 HARVEJANUM
1187 1401 1243 1431 ex
1267 1385 1423 1445 primis
1451 1386 1619 1445 recepit
1650 1388 1692 1433 &
1716 1387 1862 1434 tuitus
1895 1387 1971 1435 est.
2059 1389 2256 1436 Auricu-

188 1450 336 1495 larum
369 1446 727 1508 frequentiorem
753 1448 1046 1494 micationem
1069 1447 1124 1494 ad
1150 1464 1299 1495 unum
1321 1449 1470 1496 cordis
1496 1447 1679 1510 pulsum
1704 1453 1822 1498 reike
1848 1452 1979 1500 vidit.
2049 1453 2143 1499 Cor
2174 1468 2253 1498 an-

187 1514 339 1574 guillae
370 1513 517 1558 calore
544 1510 700 1558 fotum
732 1511 787 1558 ad
815 1524 998 1557 motum
1022 1511 1182 1558 redire.

316 1595 431 1641 Non
470 1592 578 1641 sunt
618 1593 674 1639 ad
709 1609 871 1639 manus
905 1598 1050 1640 Letres
1085 1593 1138 1640 de
1163 1599 1260 1641 Mr.
1288 1595 1588 1643 DESCARTES
1636 1598 1690 1644 οἰι
1717 1597 1822 1657 sont
1851 1601 2026 1645 truite&
2063 1597 2120 1644 les
2150 1599 2254 1660 plui³

188 1657 308 1705 belles
333 1660 534 1719 questions
563 1657 614 1704 de
643 1658 687 1704 la
714 1657 922 1704 me'decine
954 1694 964 1704 .
1000 1695 1011 1705 .
1047 1694 1057 1705 .
1095 1658 1218 1706 Paris
1239 1662 1373 1718 1675.
1401 1669 1470 1719 4⁰.
1511 1661 1664 1717 3.Vol.
1701 1661 2043 1711 WASSENAER.

315 1741 489 1801 EJusn.
527 1740 584 1786 le‘s
605 1738 793 1801 paffions
832 1739 883 1786 de
907 1741 1032 1786 l’mne
1079 1740 1514 1797 Amsterdam1650.
1542 1745 1604 1797 8⁰.
1643 1744 1841 1791 BURKH.
1908 1745 2030 1805 Saepe
2068 1742 2250 1791 recusus

189 1805 302 1851 liber
331 1806 372 1850 &
414 1802 547 1850 Paris.
581 1809 716 1860 1679.
751 1812 842 1851 12⁰.
889 1807 938 1851 B.
965 1823 1009 1850 v.
1049 1804 1127 1851 der
1152 1805 1250 1859 ΑΛ,
1304 1817 1402 1854 tum
1444 1806 1580 1853 latine
1619 1807 1942 1855 Amstelodami
1976 1815 2112 1867 1650.
2154 1812 2250 1855 12⁰.

193 1874 331 1927 1656.
350 1871 415 1926 4⁰.
457 1874 593 1926 1664.
610 1867 675 1926 4⁶.
719 1874 851 1924 1692.
865 1872 929 1927 4⁰.
973 1871 1015 1915 Sc
1042 1886 1145 1915 cum
1169 1869 1268 1915 aliis
1290 1869 1506 1930 operibus
1531 1870 1681 1917 Leidae
1705 1877 1841 1931 1677.
1863 1874 1975 1931 4⁰3&
2043 1874 2132 1920 Hic
2157 1888 2253 1918 rne-

190 1932 378 1979 chanica
408 1930 602 1979 habetur
625 1933 892 1993 explicatio,
929 1949 1020 1993 qua
1044 1936 1222 1980 ratione
1247 1934 1399 1979 anima
1416 1936 1457 1981 ὃς
1481 1933 1693 1982 sensuum
1718 1934 2027 1996 impressiones
2044 1937 2248 1997 recipiat,

192 1999 236 2044 &
261 1997 471 2043 excitatis
501 1997 718 2043 motubus
751 2013 915 2057 corpus
942 2008 1081 2057 regat.
1151 1998 1312 2044 Motus
1338 2000 1388 2044 in
1411 2014 1598 2059 corpore
1624 1997 1827 2046 humano
1845 2016 1899 2046 ex
1917 1998 2250 2047 sensationibus

184 2059 445 2108 mechanice
474 2061 610 2114 oriri,
661 2059 752 2106 fere
776 2072 832 2107 ut
867 2077 1012 2121 nuper
1036 2062 1094 2107 D.
1116 2062 1373 2109 HARTLEY
1389 2097 1401 2115 ,
1438 2075 1489 2108 ut
1517 2079 1681 2108 nervea
1718 2062 1836 2110 fibra
1868 2064 1922 2110 ab
1955 2076 2145 2110 externo
2171 2065 2250 2111 ob-

188 2125 304 2185 jecto
340 2122 553 2183 perculsa,
595 2122 760 2170 fibram
801 2125 849 2170 in
888 2137 1068 2171 motum
1106 2126 1252 2180 cieat,
1299 2143 1400 2186 quae
1433 2126 1488 2172 ad
1527 2127 1723 2187 aliquem
1768 2125 2027 2175 musculum
2067 2128 2246 2182 tendit,

186 2189 355 2248 absque
380 2189 543 2234 animae
569 2204 718 2248 opera.
790 2189 1067 2249 Conjectura
1100 2192 1232 2236 etiam
1266 2188 1341 2237 hic
1373 2190 1600 2248 reperitur
1630 2191 1684 2236 de
1716 2188 1818 2238 sede
1855 2192 2017 2238 animae
2049 2192 2101 2238 in
2123 2194 2249 2253 glan-

187 2252 295 2299 dula
319 2252 484 2312 pineali
508 2250 649 2311 posita
666 2286 678 2305 ,
717 2268 818 2312 quae
843 2251 936 2299 sola
958 2255 1007 2299 in
1035 2255 1218 2300 cerebro
1243 2255 1389 2315 impar
1414 2253 1482 2301 fit.
1553 2253 1876 2302 Adfectionum
1908 2254 2051 2304 animi
2072 2255 2249 2303 mecha-

186 2317 290 2363 nica
315 2315 447 2362 ratio.
541 2317 753 2361 Amorem
796 2316 955 2362 odium
987 2319 1069 2364 &c.
1101 2318 1427 2378 interpretatur
1457 2334 1535 2379 per
1559 2319 1819 2367 celeriorem
1847 2318 1971 2380 chyli
1990 2321 2041 2367 in
2068 2318 2249 2382 sangui-

182 2397 289 2428 nem
301 2380 465 2426 mutati
478 2377 710 2425 adfluxum
725 2380 774 2424 in
785 2396 877 2433 cor,
913 2393 992 2427 aut
1002 2379 1192 2427 viciffim
1204 2382 1447 2429 tardatum.
1513 2383 1568 2429 Id
1583 2380 1682 2429 fieri
1706 2400 1783 2444 per
1801 2400 1992 2431 nervum
2015 2386 2163 2432 oe‘tavi
2174 2402 2249 2446 pa-

183 2447 271 2499 ris,
309 2446 351 2490 ἃ
381 2459 406 2490 a
436 2440 574 2489 miffis
599 2440 832 2503 spiritibus
854 2443 904 2489 in
926 2443 1172 2499 musculos,
1211 2446 1291 2505 qui
1313 2445 1419 2493 sunt
1451 2446 1566 2492 circa
1585 2448 1892 2494 ventriculum
1924 2450 1967 2495 ὃς
1993 2448 2221 2496 intestina.

313 2526 493 2586 EJUSD.
529 2522 798 2584 posthumus
836 2524 913 2571 lib.
958 2525 1009 2571 de
1053 2524 1216 2573 homine
1242 2525 1401 2587 figuris
1434 2527 1725 2575 &latinitate
1750 2528 1944 2577 donatus
1974 2547 1998 2576 a
2032 2531 2243 2578 Florentio

187 2591 416 2641 SCHUYL‚
455 2591 535 2649 qui
562 2590 696 2648 paulo
722 2587 819 2648 post
852 2589 902 2634 in
931 2590 1172 2636 Academia
1200 2589 1402 2637 Leidensi
1433 2591 1681 2638 botanicen
1712 2594 1892 2652 publice
1922 2595 2080 2642 docuit
2116 2594 2239 2642 Leid.

182 2659 319 2700 1662.
333 2652 436 2712 4⁰.*
456 2659 589 2712 1664.
604 2661 674 2711 40.
688 2653 735 2698 B.
753 2653 798 2698 B.
861 2653 1146 2700 ScHUYLms
1163 2654 1337 2701 codices
1352 2655 1462 2702 MS.
1481 2655 1534 2701 ab
1549 2653 1758 2717 Alphonfh
1773 2659 2024 2713 PALeTTx,
2043 2660 2235 2707 &Anto-

181 2722 253 2764 nio
267 2719 502 2766 STUTLER
518 2735 606 2764 van
621 2718 759 2764 SURK
773 2715 949 2764 habuit.
1008 2720 1140 2778 Opus
1162 2720 1296 2765 etiam
1320 2719 1370 2764 in
1392 2717 1515 2766 fastis
1532 2720 1706 2781 ingenii
1720 2720 1913 2769 humani
1936 2720 2235 2773 memorabile,

184 2796 241 2825 ex
269 2797 359 2840 quo
387 2782 642 2842 intelligas,
697 2797 831 2840 quam
864 2781 1027 2841 exigua
1061 2783 1248 2829 maximi
1276 2783 1452 2844 ingenii
1482 2782 1536 2830 {it
1577 2784 1771 2839 utilitas,
1820 2784 1853 2832 fi
1882 2799 2043 2846 praeter
2068 2783 2238 2842 experi-

183 2855 336 2889 menta
362 2859 416 2889 ex
452 2844 558 2892 solis
589 2845 862 2906 conjecsturis
896 2861 1047 2892 rerum
1085 2848 1364 2893 naturalium
1402 2846 1554 2894 causas
1599 2846 1681 2894 sibi
1709 2849 1978 2897 constituere
2014 2845 2233 2894 sumserit.

182 2904 504 2956 Mechanicam
524 2924 685 2969 nempe
706 2909 930 2955 rationem
955 2910 1224 2959 CARTESIJS
1245 2910 1391 2964 dedit,
1429 2928 1518 2972 qua
1544 2912 1601 2961 in
1621 2928 1808 2974 corpore
1830 2913 2031 2960 humano
2056 2925 2111 2958 ex
2142 2924 2235 2955 me-

1209 2975 1287 3022 Cc
1323 2992 1346 3023 c
1377 2986 1406 3025 2
2181 2987 2234 3020 το

239 3062 304 3115 (u)
331 3063 470 3116 Expe'r.
502 3067 548 3106 de
569 3064 677 3119 phys.
705 3067 754 3113 T.
776 3068 819 3115 V.
838 3082 885 3120 -Ρ,
906 3081 997 3120 245.
