2556 3442
541 101 732 168 §.542
799 101 971 168 ANT.
1007 116 1049 149 v.
1080 79 1760 173 ,LEEUWENHOE‘CK
2096 111 2188 164 609

255 235 324 283 lb.
356 234 429 282 De
453 237 513 281 D.
543 232 595 281 de
618 233 662 280 la
680 232 960 280 PLANTADE
986 228 1274 278 homunculo
1297 228 1348 275 in
1367 231 1615 278 vermiculo
1640 234 1868 281 involuto.
1935 233 2049 282 Non
2074 233 2185 282 adeo

125 296 323 362 persedia
349 298 430 347 effe
454 299 722 345 animalium
733 296 1007 344 rudimenta.
1074 295 1213 341 Rec'te
1227 290 1360 340 sensit
1373 293 1567 340 Batavus
1582 295 1852 358 figtuieiitum
1874 299 2035 353 videri,
2063 298 2186 361 quod

127 366 331 412 GALLUS
358 361 510 410 vidiffe
534 361 697 409 voluit.

255 446 316 492 N.
333 450 438 492 260.
484 444 540 490 In
564 442 712 503 girino
739 450 872 498 putat
898 432 942 484 se
972 435 1126 484 vidiffe
1160 430 1394 499 sanguinis
1422 437 1696 494 circuitum3
1740 444 1920 493 arterias
1950 442 2186 493 afferentes

125 510 177 558 in
199 526 338 558 venas
371 508 687 557 continuatas,
730 517 833 548 curn
861 499 1140 550 oscillatione
1170 503 1212 548 δε
1231 500 1564 551 retroceffione.

255 590 381 638 Idem
407 603 454 634 n.
474 593 581 635 261.
617 586 668 632 in
690 599 814 630 rana.
881 580 1052 630 Vidiffe
1075 580 1120 630 se
1142 595 1297 646 putat,
1333 582 1566 648 sanguinis
1604 596 1785 634 motum
1816 604 1841 634 a
1873 589 2183 639 musculorum

127 655 306 702 afflone
330 648 566 700 substitisse
583 683 596 702 ,
627 664 653 694 a
677 647 828 711 quiete
850 645 1037 694 rediiffe.

257 736 319 784 N.
341 739 446 789 263.
485 731 718 778 Circuitus
747 728 979 789 sanguinis
1008 729 1057 775 in
1077 728 1302 791 pisciculis
1323 730 1463 781 visus.
1543 734 1598 781 In
1621 732 1818 796 globulis
1847 734 2049 782 incertus
2088 736 2150 781 est
2170 771 2183 790 ‚

124 816 233 848 nam
263 801 306 845 ἃ
331 807 489 843 ovatos
514 795 631 842 vidit
662 797 704 841 &
730 792 980 846 rotundos,
1029 795 1069 840 81
1104 807 1324 855 utrosque
1366 814 1422 843 ex
1452 795 1528 844 sex
1568 799 1767 859 globulis
1803 800 2006 860 conponi
2040 812 2186 860 putat.

124 862 381 912 Circuitum
411 858 625 907 describit
649 874 727 919 per
753 855 929 904 vascula
959 856 1108 904 media
1134 861 1343 906 arteriam
1367 862 1575 909 unientia
1601 879 1706 909 cum
1733 879 1849 911 vena
1874 866 2121 925 perastum.

251 943 315 991 N.
342 948 405 990 26
411 955 451 1001 5.
487 943 559 989 De
579 940 840 988 vermiculis
863 939 1097 993 dentium,
1134 943 1272 988 acaris
1291 975 1303 995 ,
1338 959 1589 1005 eorumque
1620 956 1741 992 ortu.

251 1025 314 1072 N.
338 1030 446 1073 266.
485 1025 556 1070 De
578 1021 834 1085 aphidibus.
902 1022 986 1069 Eas
1012 1020 1177 1083 absque
1194 1022 1370 1070 miscela
1386 1023 1578 1073 sexuum
1599 1043 1839 1088 generare,
1877 1029 1922 1075 ὃς
1947 1028 2066 1079 vivis
2092 1031 2187 1077 ani·

51 1142 57 1144 ,
119 1089 331 1137 malculis
354 1103 599 1151 praegnare.
667 1084 848 1134 Muscas
870 1085 1200 1134 ichneumones
1223 1088 1273 1133 in
1296 1087 1482 1149 aphides
1511 1107 1599 1138 ova
1620 1091 1860 1153 deponere.

250 1171 312 1219 N.
345 1176 453 1226 268.
492 1171 562 1217 De
587 1169 845 1216 vermiculis
871 1167 1149 1229 spermaticis
1184 1169 1239 1216 ab
1263 1186 1385 1217 anno
1413 1183 1535 1218 retro
1556 1179 1690 1232 1674.
1716 1173 1797 1222 sibi
1819 1174 1940 1224 visis.
2010 1178 2186 1226 Contra

121 1235 554 1284 HARTSOEKERUM
585 1235 625 1280 &
653 1235 749 1294 ejus
768 1233 939 1280 icones.
1007 1232 1103 1299 Ipse
1138 1233 1301 1281 caudas
1329 1235 1586 1284 constanter
1613 1237 1820 1300 depingit
1849 1239 2088 1294 flexuosas..

246 1318 310 1366 N.
328 1329 436 1377 270.
473 1318 653 1365 Iterum
674 1315 728 1373 de
753 1315 1012 1363 vermiculis
1039 1314 1332 1363 seminalibus
1361 1315 1601 1366 asellorum
1632 1321 1674 1368 &
1703 1322 1866 1370 arietis.

250 1399 314 1447 N.
340 1411 447 1458 272.
485 1401 556 1446 De
580 1414 763 1452 aranea,
795 1398 892 1459 ejus
923 1398 1011 1444 tela
1042 1399 1085 1445 &
1106 1401 1422 1459 generatione,
1457 1398 1570 1449 fuse.

244 1483 309 1530 N.
333 1494 441 1542 273.
474 1484 544 1529 De
571 1480 685 1529 vasis
716 1478 982 1542 sanguiferis
1015 1496 1192 1528 corneae
1225 1484 1410 1529 tunicae.

249 1564 313 1612 N.
334 1575 441 1624 279.
483 1565 554 1612 De
576 1563 835 1614 vermiculis
866 1560 1142 1623 spermatieis
1169 1565 1421 1625 gallorum,
1466 1568 1770 1629 anguillarum
1804 1570 2021 1621 similibus
2041 1609 2053 1628 ,
2103 1564 2185 1622 diu

116 1627 454 1690 superstitibus,
498 1628 735 1689 postquam
771 1627 825 1673 de
865 1626 974 1674 teste
1006 1640 1183 1674 exemta
1218 1627 1339 1676 sunt.
1408 1631 1480 1677 De
1513 1649 1627 1693 pene
1654 1650 1917 1683 aranearum
1953 1640 1995 1685 δε
2030 1655 2185 1686 earum

117 1694 400 1741 animalculis
427 1692 719 1754 spermaticis.
786 1692 858 1739 De
888 1692 1169 1740 animalculis
1190 1694 1358 1754 pluviae
1382 1711 1524 1756 aquae.
1592 1698 1663 1745 De
1687 1701 1981 1749 circulatione
2005 1701 2185 1766 sangui-

115 1758 189 1805 nis
212 1758 263 1805 in
293 1759 496 1805 minimis
519 1757 746 1819 enguillis.

250 1840 311 1888 N.
335 1847 443 1897 283.
489 1839 804 1888 Memorabilis
835 1840 1002 1895 iterum
1030 1840 1222 1889 libellus.
1290 1842 1813 1896 LEEUWENHOECKIUS
1850 1847 1925 1896 hic
1969 1848 2182 1899 describit

77 1900 80 1901 ⁷
112 1905 339 1966 polypum
368 1907 598 1965 vulgarem
617 1938 628 1957 ,
662 1920 767 1950 cum
794 1902 976 1951 fetubus
1015 1904 1068 1951 de
1097 1907 1234 1952 latere
1259 1908 1652 1968 germinantibus,
1690 1924 1789 1959 tum
1815 1916 2007 1976 polypos
2030 1915 2142 1963 alios
2165 1935 2179 1969 ;

114 1967 346 2016 ramosum
373 1969 428 2016 de
450 1968 616 2017 tubulo
644 1968 969 2029 prodeuntem,
1006 1969 1276 2031 petiolatum
1299 2006 1312 2025 ‚
1344 1973 1758 2033 campaniformem.

248 2052 320 2099 Sic
346 2068 390 2098 n.
409 2057 518 2106 286.
546 2050 728 2098 videtur
744 2047 991 2098 describere
1014 2054 1186 2113 polypi,
1214 2066 1333 2101 certe
1353 2054 1572 2116 zoophyti
1591 2073 1734 2118 genus
1750 2093 1762 2112 ,
1800 2059 2048 2109 arbusculae
2065 2061 2184 2109 fimi-

109 2114 159 2160 .le
186 2116 227 2161 ἃ
259 2114 511 2225 rapiosum,
559 2126 693 2164 motu
719 2115 954 2163 communi
986 2116 1255 2178 praeditum,
1300 2136 1404 2167 cum
1434 2121 1632 2182 globulis
1657 2124 1897 2186 agminatis
1923 2126 1977 2174 de
2011 2128 2180 2176 cortice

115 2190 307 2225 exeunti
338 2196 409 2227 us.

240 2261 303 2308 N.
326 2267 435 2318 289.
470 2262 542 2308 De
570 2263 854 2311 animalculis
875 2262 1051 2325 hepatis
1076 2265 1219 2314 ovilli.

241 2342 305 2389 N.
334 2352 443 2400 292.
484 2344 556 2390 De
587 2345 859 2391 Coccinellza
929 2344 1024 2393 Effe
1050 2349 1231 2395 animal.

144 2488 161 2498 Ι.
242 2425 308 2498 Νἶ
336 2436 445 2483 293.
480 2426 553 2473 De
590 2427 845 2488 crystallina
869 2429 989 2476 lente
1023 2431 1257 2478 variorum
1286 2432 1580 2490 animalium,
1627 2436 1815 2504 ejusque
1844 2438 1960 2487 striis
1989 2441 2031 2488 Sc
2056 2440 2181 2487 lami-

112 2505 213 2544 ms,
250 2500 388 2537 etiam

243 2572 306 2619 N.
330 2583 437 2632 295.
472 2574 514 2620 St
549 2584 653 2633 337.
693 2575 861 2620 animal
891 2572 1131 2622 rotiferum
1160 2593 1215 2624 ex
1243 2578 1357 2625 tubo
1387 2579 1590 2630 eminens
1613 2582 1839 2634 describit.

144 2716 152 2726 .
241 2654 302 2701 N.
325 2667 436 2728 307ἶ
474 2655 544 2701 De
573 2654 738 2702 fibrosa
767 2654 940 2704 fabrica
971 2659 1104 2706 lienis
1141 2676 1238 2707 non
1278 2661 1494 2718 carnosa,
1547 2668 1589 2713 ὃς
1626 2667 1679 2714 de
1708 2667 1975 2729 proboscide
2013 2666 2176 2728 pulicis

114 2733 303 2779 ejusque
334 2735 514 2781 vagina.

241 2801 302 2848 N.
335 2813 440 2857 311.
478 2803 548 2849 De
575 2800 745 2850 fabrica
771 2805 1119 2866 margaritarum
1138 2841 1151 2861 ,
1188 2806 1309 2856 testae
1335 2809 1490 2859 ostreae
1524 2816 1546 2871 (
1560 2813 1608 2860 in
1636 2831 1726 2875 qua
1752 2812 1853 2860 vasa
1879 2809 2040 2866 vidit.)

240 2882 304 2929 N.
327 2893 431 2939 312.
461 2886 791 2957 lje-particulis
822 2886 1005 2936 ramosis
1030 2890 1230 2940 materiae
1250 2892 1375 2949 alb-ae,
1406 2911 1496 2957 qua
1524 2897 1677 2959 lingua
1699 2898 1749 2944 in
1773 2894 1899 2942 febre
1917 2895 2176 2943 obducitur.

92 2946 186 3005 ,De
214 2946 370 2995 eadem
390 2960 575 2997 materie
607 2967 655 2998 n.
685 2957 790 3008 318.

1078 3034 1296 3088 Hhhh
1981 3032 2201 3101 N-314‘
