2556 3442
484 111 523 161 δ.
545 111 621 154 61.
660 102 960 154 GALENUS.
1018 107 1102 159 5⁹<-
1140 97 1455 160 APULEJUS.
1525 104 1599 154 63.
1637 100 2028 154 ALEXANDER.
2194 118 2285 163 109

373 249 442 292 De
474 243 655 291 motibus
678 241 905 304 manifestis
937 237 997 294 ἓξ
1029 234 1225 293 obscuri-5.
1313 235 1498 282 Dicitur
1528 251 1554 281 a
1576 234 1909 296 JOHANNITro
1951 258 2009 288 ‘eX
2045 255 2188 304 gl‘aeco
2221 241 2286 290 faa.

243 309 365 356 &um
394 308 474 355 effe
503 309 730 354 arabicum
754 339 766 359 ,
803 305 908 350 inde
939 319 964 348 a
993 302 1060 347 M.
1087 301 1374 348 TOLETANO
1410 299 1618 345 latinum.
1706 299 1841 345 Liber
1873 304 2094 360 prioribus
2141 309 2286 353 multo

242 374 418 419 melior.
487 373 724 418 GALENUS
755 365 845 426 ipse
875 368 1066 424 loquens
1092 363 1430 414 introducitur,
1467 365 1509 409 &
1536 361 1615 408 sua
1639 378 1773 421 opera
1797 362 1929 416 citat,
1964 365 2129 427 suaque
2158 387 2289 430 expe..

186 483 190 489 ,
244 437 452 482 rimenta.
522 436 691 492 Scopus
730 430 792 475 est
837 428 1097 478 ostendere,
1146 426 1196 472 in
1222 426 1424 472 motibus
1455 427 1535 486 qui
1563 441 1589 471 a
1617 427 1858 472 voluntate
1885 428 2060 474 cientur
2081 465 2092 483 ‚
2137 445 2286 479 tamen

243 501 379 546 etiam
418 496 587 555 aliquid
628 494 829 540 naturale
869 490 912 538 se
955 488 1224 537 admiscere:
1279 490 1351 535 vel
1382 490 1432 536 in
1470 500 1599 536 motu
1635 489 1801 550 linguae
1823 523 1836 542 ‚
1885 506 1986 549 quae
2028 507 2204 552 appetat
2247 499 2290 543 &

242 560 451 621 seipsam
485 568 699 608 moveat5
747 554 806 602 fic
844 556 894 601 in
923 567 1054 600 motu
1085 553 1397 613 palpebrarum
1418 587 1429 606 2
1462 553 1818 606 sternutatione,
1850 551 1956 599 tuffi
1983 556 2062 599 &c.
2131 553 2290 603 Vomiss.

244 637 344 671 tum
372 622 470 670 fieri
496 638 520 667 a
551 621 598 667 vi
623 618 877 679 expulsiva,
914 619 1019 664 licet
1045 617 1291 662 ruminatio
1317 615 1372 662 fit
1406 617 1658 663 voluntatis
1694 633 1824 676 opus.
1891 617 2189 663 Memorabile
2217 621 2290 672 est,

243 687 370 748 quod
402 700 600 731 errorem
627 680 880 742 subrepsisse
905 683 994 742 ajat
1022 697 1077 726 ex
1100 692 1309 726 anatome
1337 678 1566 726 simiarum
1585 709 1597 733 ,
1645 695 1782 739 quam
1811 681 2261 740 oporteat-corrigere
2281 715 2293 735 ‚

246 766 343 796 non
375 764 432 794 ex
455 747 682 800 hominis,
726 745 801 792 sed
828 762 882 791 ex
914 760 1163 805 equorum,
1220 746 1260 790 &
1292 746 1485 805 ungulas
1526 742 1795 790 habentium
1826 744 2091 789 animalium
2120 742 2297 790 fabri-ca.

243 812 609 873 Deglutitionem
650 822 812 869 praeter
841 811 1126 855 voluntatem
1158 805 1270 867 saepe
1303 806 1416 853 fieri.
1508 808 1621 854 Non
1652 805 1862 853 inficetus
1902 806 2016 853 liber
2049 824 2104 853 ex
2136 808 2297 853 GALE-

243 889 379 923 NICIS
415 891 438 920 a
472 875 805 921 CHRISTIANO
842 873 996 932 aliquo
1026 872 1294 931 compilatus
1327 870 1418 924 cst,
1465 887 1614 931 neque
1642 871 1764 916 enim
1794 871 1908 916 alius
1945 868 2179 916 hominem
2218 887 2299 929 pro

240 940 397 987 T1T10
440 939 595 985 PETRI
636 937 824 983 nomine
864 935 1084 982 citaverit,
1151 935 1316 993 Neque
1351 934 1606 981 GALENUM
1638 932 1897 995 adgnoscas,
1939 934 2121 993 quando
2149 932 2303 980 scribit.

243 1006 427 1056 audior,
463 1000 544 1048 suo
575 1018 673 1047 aevo
700 998 781 1046 esse
815 998 1195 1051 demonstratum,
1233 996 1494 1044 inferiorem
1522 1009 1702 1044 tantum
1732 998 1924 1057 pectoris
1939 1010 2123 1057 ⁴partem
2146 1014 2171 1043 a
2208 997 2300 1044 dia-

242 1065 502 1128 phragmate
530 1066 736 1117 moveri,
775 1061 1053 1124 superiorem
1085 1078 1109 1107 a
1140 1059 1369 1114 musculo,
1412 1062 1491 1122 qui
1516 1061 1569 1107 de
1599 1062 1715 1107 collo
1742 1059 1994 1107 descendat.

371 1163 469 1209 Lib.
489 1161 542 1209 de
553 1164 690 1208 urinis
700 1162 751 1207 in
765 1176 900 1220 quern
915 1158 1056 1205 exstat
1070 1159 1247 1205 Comm.
1262 1162 1309 1213 J.
1329 1159 1518 1220 Baptista
1529 1158 1577 1205 N
1580 1171 1645 1206 AV
1653 1171 1711 1205 AR
1719 1171 1785 1206 Ro
1798 1157 1980 1205 Valent.
2002 1162 2135 1212 1628.
2156 1163 2197 1212 8.
2217 1159 2298 1205 &c.

906 1294 952 1352 ἕ.
987 1294 1168 1343 LXII.
1265 1295 1315 1342 L.
1354 1295 1622 1358 APULEJUS.

377 1396 428 1443 L.
457 1397 736 1456 APULEJUS‚
785 1390 1112 1445 Madaurensffi,
1146 1390 1374 1446 medicus,
1411 1391 1644 1439 historiam
1675 1391 1865 1454 piscium
1896 1392 2080 1438 molitus
2114 1389 2176 1438 est
2196 1426 2208 1445 ,
2260 1389 2307 1439 &⁴

253 1461 448 1520 aliquam
472 1472 645 1520 partem
673 1459 770 1519 ejus
801 1458 948 1517 operis
979 1455 1195 1508 absolvit,
1229 1454 1282 1501 de
1315 1459 1607 1517 generatione
1642 1473 1802 1504 eorum
1827 1474 1883 1503 ex
1920 1457 2058 1509 limo,
2106 1456 2303 1502 de'vivi-

247 1525 383 1585 paris,
421 1523 474 1573 de
502 1523 712 1583 oviparis.
780 1523 1041 1568 Anatomen
1071 1519 1206 1565 etiam
1230 1525 1577 1567 ARxsTOTELIS
1599 1521 1802 1568 imitatus
1827 1521 1913 1573 est,
1964 1521 2007 1565 &
2029 1519 2082 1565 de
2109 1521 2307 1579 particu-

247 1589 303 1635 lis
327 1588 589 1633 animalium
623 1583 873 1645 inquisivit.
942 1585 997 1630 In
1026 1585 1177 1643 lepore
1215 1586 1390 1630 marino
1434 1584 1676 1631 duodecim
1705 1583 1793 1631 offa
1833 1586 1883 1632 in
1910 1596 2070 1631 ventre
2099 1596 2306 1631 concate-

249 1662 354 1698 nata
380 1651 545 1712 reperit
563 1684 575 1704 ‚
608 1647 806 1697 talorum
833 1646 1069 1695 suillorum
1096 1644 1255 1694 fimilia
1289 1647 1355 1705 (t)
1373 1683 1388 1698 ,

701 1784 745 1844 §.
782 1785 997 1834 LXIII.
1090 1787 1409 1833 ALEXANDER
1445 1786 1834 1833 Ammomsaeus.

376 1886 433 1933 In
459 1886 588 1933 Caria
616 1897 751 1932 natus
771 1919 782 1938 ‚
820 1885 1036 1931 GALENO
1064 1900 1269 1936 coaevus‚
1308 1899 1362 1929 ex
1385 1880 1500 1929 secia
1524 1880 1612 1929 fuit
1633 1883 1940 1943 Peripatetica.

370 1967 499 2028 'EJUS
532 1968 680 2014 varios
724 1967 773 2012 in
799 1966 1174 2012 ARISTOTELEM
1209 1964 1575 2012 Commentarios
1616 1963 1889 2017 citavimus,
1939 1960 2019 2024 qui
2053 1964 2187 2010 etiam
2218 1978 2310 2009 ara-

249 2028 347 2078 bice
361 2031 534 2078 exstant
553 2029 626 2089 (ιι)
645 2067 654 2076 .
725 2028 905 2090 Scripsit
919 2031 1051 2076 etiam
1066 2029 1117 2074 de
1129 2033 1367 2075 nutritione
1386 2026 1444 2082 ἓξ
1459 2039 1696 2088 augmento,
1729 2029 1770 2073 <Sc
1785 2027 1929 2073 codex
1948 2026 2063 2075 MS.
2093 2026 2234 2073 exstat
2261 2027 2307 2072 in

258 2095 302 2142 B.
331 2096 386 2142 R.
413 2095 554 2154 Paris.
595 2112 642 2141 n.
669 2101 807 2148 2028.
845 2106 944 2140 tum
968 2092 1021 2138 de
1033 2092 1162 2153 sensu
1190 2095 1232 2139 &
1255 2091 1437 2151 sensibili
1471 2093 1626 2138 Graece
1651 2092 1816 2137 Venet.
1845 2103 1977 2151 1524.
2004 2089 2083 2138 fol.
2105 2093 2277 2138 MEAD.

380 2177 466 2223 Sed
490 2174 768 2236 potiffimum
801 2175 897 2235 ejus
926 2174 1102 2220 exstant
1121 2192 1286 2235 ιατςικοι
1310 2190 1561 2232 “nequam
1588 2172 1655 2224 ἰωὰ
1680 2180 1835 2220 musam
1876 2179 2155 2231 προβλήματα
2181 2173 2230 2219 L.
2249 2171 2308 2217 II.

253 2240 422 2292 Graece,
458 2238 748 2286 Franeofurti
773 2246 906 2296 1585.
925 2239 989 2295 4⁰.
1021 2254 1130 2284 cura
1153 2239 1198 2284 F.
1235 2240 1511 2285 SYLBURon
1535 2255 1546 2281 ε
1573 2237 1746 2282 Vener.
1771 2248 1903 2295 1497.
1935 2234 2015 2284 fol.
2084 2234 2243 2283 Graece
2270 2237 2313 2281 δι

253 2303 392 2349 latine
426 2303 546 2349 Paris
578 2315 711 2359 1550.
782 2303 941 2349 Latine
966 2303 1210 2361 interprete
1241 2305 1420 2363 Georgio
1448 2302 1624 2347 VALLA
1657 2300 1821 2346 Vener.
1846 2306 1980 2358 1488.
2017 2299 2096 2347 fol.
2129 2301 2306 2347 TREw.

261 2378 396 2423 1501.
436 2364 515 2412 fol.
549 2367 725 2413 TREW.
770 2379 903 2420 1519.
938 2364 1015 2411 fol.
1054 2366 1201 2412 FABR.
1289 2367 1444 2412 Plures
1473 2365 1695 2410 editiones
1720 2380 1816 2410 non
1842 2364 1962 2418 cito,
2000 2381 2058 2411 ne
2084 2380 2188 2410 cum
2215 2363 2312 2409 aliis

254 2429 456 2490 ejusdem
489 2430 683 2475 austoris
718 2428 1064 2484 Qaestionibus
1088 2445 1184 2474 non
1204 2427 1323 2475 visos
1354 2429 1491 2474 libros
1519 2426 1812 2474 confundam.
1881 2429 2052 2475 Eorum
2091 2428 2312 2474 Iibrorum

256 2491 413 2553 passim
440 2492 615 2539 codices
644 2491 819 2538 exstant
850 2495 1012 2552 graeci,
1047 2503 1101 2538 ut
1127 2493 1177 2538 in
1204 2492 1313 2538 Bibl.
1347 2496 1448 2553 Reg.
1480 2491 1617 2551 Paris?
1651 2508 1695 2537 n.
1724 2498 1857 2548 1893.
1887 2494 1928 2538 ἃς
1963 2509 2005 2538 n.
2036 2498 2172 2549 2048.
2242 2489 2313 2536 Li-

251 2557 322 2603 bri
345 2557 404 2603 V.
431 2557 482 2603 in
508 2558 554 2602 Β.
580 2557 634 2602 R.
665 2557 710 2602 P.
758 2572 802 2600 n.
844 2563 976 2611 1883.
1019 2562 1153 2614 1884.
1224 2556 1379 2602 Exstat
1419 2557 1552 2601 etiam
1587 2557 1637 2601 in
1671 2556 1718 2600 Β.
1765 2558 1923 2602 Oxon.
1972 2557 2309 2605 BODLEYANA‚

253 2635 408 2681 graece.
477 2621 590 2667 Tres
623 2620 787 2679 pariter
809 2619 985 2665 codices
1018 2622 1151 2680 graeci
1183 2620 1232 2666 in
1258 2621 1304 2665 B.
1337 2621 1377 2667 S.
1403 2622 1595 2667 MARCI.
1679 2619 1907 2666 sectiones
1937 2619 2042 2665 VII.
2072 2620 2123 2665 in
2149 2619 2312 2665 MLDI-

265 2697 359 2732 CBA
387 2700 413 2730 a
441 2684 499 2731 G.
531 2685 707 2730 VALLA
735 2684 872 2728 latine
904 2681 1056 2729 versae.

385 2767 537 2813 Multa
562 2763 669 2812 sunt
693 2765 953 2825 argumenti
983 2764 1173 2819 medici,
1228 2767 1270 2812 ὃς
1298 2762 1595 2826 phyfiologici
1613 2798 1625 2818 ‚
1677 2765 1872 2824 plurima
1909 2763 2090 2824 quidem
2117 2778 2170 2808 ex
2197 2761 2310 2806 ARI-

257 2843 489 2878 STOTELE
520 2827 754 2890 descripta.
820 2829 950 2877 Num
980 2829 1181 2891 genuina
1210 2828 1299 2877 fint
1329 2829 1581 2876 dubitatur.
1664 2828 1735 2876 Ita
1759 2829 1895 2876 etiam
1924 2827 1998 2874 hic
2025 2838 2209 2886 myopes
2233 2822 2311 2867 ha-

308 2954 365 3005 (t)
393 2956 545 3007 Apolog.
576 2956 607 2999 I.
1318 2894 1365 2942 O
1400 2904 1423 2949 3
2232 2885 2310 2969 b&

307 3008 371 3058 (u)
407 3009 652 3052 Hannon
