2556 3442
436 149 483 211 ς.
512 157 608 214 486
644 176 704 186 -
735 157 846 213 488.
913 151 1128 202 ACAD.
1176 149 1235 200 R.
1281 149 1512 198 PARIS.
1559 152 1675 201 AN.
1725 154 1941 212 AKNIM,
2087 200 2090 204 ,
2143 163 2236 213 547

307 283 605 345 Primumque
632 284 851 333 GAYANT
879 279 1117 343 chirurgus
1155 279 1273 327 vidit
1305 278 1371 324 lac
1395 277 1578 338 quidem
1606 283 1827 328 circulum
1861 298 1938 343 per
1965 283 2233 343 pulmonem

176 346 434 403 absolvere,
470 365 568 395 non
608 347 795 410 perinde
833 354 995 392 aerem.
1077 345 1180 390 Hoc
1216 344 1349 390 etiam
1391 357 1514 388 anno
1554 343 1885 399 PECQUETUS,
1929 347 2151 394 GAYANT
2187 344 2232 392 &

174 414 452 462 PERRAULT
483 410 785 460 anastomoses
811 407 1024 456 vasorum
1055 405 1440 468 lymphaticorum
1471 422 1577 456 cum
1609 409 1738 454 venis
1761 409 2036 458 lumbalibus
2054 409 2235 457 detexe-

175 491 301 526 runt.
340 476 476 525 Conf.
496 481 541 532 J.
563 481 663 523 Sav.
690 479 825 532 1667.
855 489 897 533 p.
918 483 990 529 53.

303 555 677 608 Transfufionem
701 555 837 600 etiam
869 551 1103 615 sanguinis
1124 563 1448 607 tentaverunt,
1484 553 1638 600 minus
1663 549 1868 600 feliciter.

303 641 388 690 Sed
414 638 621 699 inprimis
645 625 887 682 hoc‘anno
922 637 1076 682 nobile
1104 636 1223 696 cepit
1262 651 1377 696 opus
1407 635 1610 696 prodire,
1662 633 1850 682 historia
1876 650 2037 696 nempe
2063 638 2233 685 anima-

174 708 313 759 lium,
353 704 407 750 de
429 705 610 762 integro
638 700 931 755 elaboranda,
982 697 1263 762 potissimum
1301 716 1410 746 vero
1452 700 1722 748 animalium
1750 700 2002 752 rariorum,
2058 716 2157 759 qua:
2180 701 2231 746 in

175 769 361 819 vivariis
392 765 481 813 suis
504 767 767 813 LUDOVICI
788 766 920 812 XIV.
953 766 1076 827 regia
1104 763 1445 826 magnificentia
1474 765 1646 820 alebat,
1682 781 1734 811 eo
1771 773 1890 811 certe
1914 762 2002 810 hoc
2031 774 2234 822 ternpore

173 834 296 886 fine,
331 843 385 878 ut
406 844 613 877 veterum
644 846 816 876 errores
847 830 1168 890 detegerentur
1195 831 1237 876 &
1266 827 1591 877 refutarentur.
1660 829 1874 890 Princeps
1903 830 2091 880 εωᾶοτ,
2124 827 2235 872 dum

174 897 319 948 vixit,
373 895 637 942 CIVAUDIUS
678 892 769 940 fuit
806 895 1116 947 PERRAULT,
1165 892 1334 940 incisor
1364 893 1575 954 idemque
1608 893 1859 940 delineator
1886 893 2078 940 eximius
2116 890 2234 945 (l).

168 959 347 1007 Deinde
371 956 564 1021 Josephm
584 958 645 1004 du
666 957 886 1006 VERNEY
901 993 914 1012 ‚
949 959 1116 1006 nobilis
1139 955 1335 1012 incisor,
1375 955 1588 1022 Philippos
1606 957 1656 1004 de
1677 958 1720 1005 la
1745 958 1880 1006 Hme
1905 957 2014 1005 artis
2033 955 2237 1017 pictoriae

165 1021 484 1088 peritissimus,
525 1024 565 1070 &
594 1020 811 1078 johannes
841 1024 1015 1070 MERY.

292 1106 497 1153 Primum
525 1105 797 1166 prodierunt
824 1105 949 1153 Paris
969 1110 1103 1153 1661.
1129 1102 1212 1165 4*
1247 1104 1546 1166 observatiam
1555 1103 1639 1165 fiir
1663 1122 1721 1153 un
1746 1104 1833 1154 lion
1859 1101 2040 1168 dzffi’que'
2064 1101 2173 1150 dans
2192 1099 2238 1149 Ιιβ

171 1169 463 1232 Bibliotheque
495 1169 556 1216 du
579 1172 677 1217 Roi.
1265 1217 1269 1221 ,

299 1253 506 1306 Deinde,
548 1252 850 1312 Observations
869 1238 1004 1314 faites
1015 1251 1100 1313 sur
1128 1270 1186 1300 un
1209 1252 1360 1316 grand
1381 1250 1544 1316 poiffim
1576 1250 1758 1315 cliffequd
1793 1250 1901 1300 dam
1933 1251 1978 1299 la
2006 1246 2237 1299 Bibliothe-

166 1335 247 1381 que
272 1317 331 1364 du
353 1321 437 1365 Roz·
469 1318 593 1365 Paris
616 1323 750 1376 1667.
770 1319 863 1376 42⁸&

294 1401 435 1447 Porro
461 1400 736 1462 Descm'ption
759 1403 1036 1463 anatomique
1058 1400 1113 1448 de
1136 1401 1268 1448 l’ours
1285 1435 1298 1456 ,
1335 1399 1396 1448 du
1424 1402 1582 1463 castor,
1625 1399 1678 1448 de
1704 1400 1748 1447 la
1772 1399 1934 1463 gazelle
1954 1433 1968 1454 2
2005 1397 2065 1445 du
2094 1398 2237 1446 Cume'-

166 1466 259 1513 lc‘on
291 1465 413 1512 Paris
440 1469 571 1521 1669.
593 1463 691 1524 4.*.
920 1487 929 1495 ·

292 1547 406 1594 Inde
432 1551 664 1594 Me'moires
685 1561 798 1611 pour
814 1547 962 1608 servir
982 1549 1008 1593 ἁ
1030 1545 1229 1610 l'histoire
1248 1547 1320 1595 des
1346 1552 1558 1596 animaux
1594 1548 1718 1595 Paris
1740 1552 1874 1607 1671.
1893 1545 1970 1594 fol.
1988 1546 2091 1608 maj.
2135 1546 2236 1593 Ma=

165 1611 335 1676 gnifica
364 1611 506 1660 editio
538 1629 644 1660 cum
667 1610 964 1675 praefatione,
1000 1614 1051 1659 in
1078 1630 1168 1674 qua
1198 1612 1362 1675 scopus
1391 1617 1630 1661 auctorum
1657 1613 1886 1661 indicatur
1906 1647 1919 1667 ,
1956 1610 2063 1660 finis
2092 1609 2153 1658 est
2182 1611 2234 1656 in
2275 1631 2279 1635 ·

163 1678 319 1741 Aguti.

292 1760 486 1807 Auelius
513 1758 686 1820 prodiit
711 1758 759 1805 id
789 1775 903 1820 opus
936 1775 1059 1805 anno
1089 1763 1224 1819 1676.
1267 1761 1436 1822 pariter
1462 1759 1540 1807 fol.
1577 1777 1727 1822 magn.
1764 1759 1959 1807 secunda
1998 1770 2123 1820 parte
2156 1774 2235 1805 au-

154 1828 304 1878 cium,
341 1837 393 1871 ut
423 1824 636 1871 animalia
659 1840 786 1870 nunc
813 1824 1069 1871 contineret
1098 1836 1172 1881 32.
1209 1825 1271 1874 Cl.
1299 1826 1550 1873 PlTFlELD
1581 1843 1630 1872 ea
1658 1826 1845 1887 Anglice
1865 1825 2019 1878 vertit,
2056 1825 2233 1870 &Lon-

165 1890 263 1938 dini
291 1889 433 1936 edidit
463 1893 598 1947 1687.
631 1885 712 1935 fol.
742 1887 904 1949 figuris
935 1888 1191 1937 diminutis.
1278 1891 1439 1937 Latine
1464 1895 1534 1937 M.
1567 1894 1693 1937 Rern.
1727 1891 2029 1937 VALENT1N1
2057 1890 2107 1934 in
2143 1904 2234 1934 am-

157 1952 400 2018 phitheatro
427 1957 661 2007 zootomico
695 1951 904 2000 Francof.
926 1966 984 2012 17
1052 1990 1062 2000 .
1091 1952 1176 2007 fol,
1213 1965 1348 2015 1742.
1372 1953 1501 2002 fol.*.
1571 1955 1724 2002 Plures
1747 1967 1900 2001 autem
1929 1952 2112 2000 fuerant
2137 1953 2234 1998 ani-

162 2020 352 2066 malium
374 2017 613 2065 incisiones
632 2052 646 2072 ‚
680 2019 928 2078 multaeque
957 2018 1162 2078 priorum
1190 2019 1532 2066 emendationes
1561 2037 1585 2066 a
1616 2019 1916 2066 PERRALTIO
1951 2015 2157 2078 perfeclae
2189 2018 2233 2064 Sc

163 2098 189 2128 a
213 2083 273 2129 du
295 2083 570 2130 VERNEYO.
638 2083 715 2135 Eae
741 2099 845 2129 cum
872 2080 1083 2144 cepissent
1110 2083 1197 2138 edi,
1229 2083 1337 2132 inde
1364 2082 1597 2145 suppressae
1622 2081 1818 2137 fuissent,
1847 2082 2030 2128 demum
2056 2079 2233 2127 Parisiis

168 2158 304 2205 1733.
329 2145 411 2205 4.*
446 2145 727 2194 Amsterdam
754 2153 891 2205 1758.
923 2159 969 2207 4.
1005 2148 1159 2205 3.Vol.
1197 2149 1494 2209 prodierunt,
1535 2148 1812 2208 tertiumque
1835 2158 2015 2193 tomum
2035 2144 2232 2192 historice

161 2211 431 2257 animalium
459 2209 667 2263 faciunt3
704 2210 890 2271 adjecstis
909 2213 1150 2259 nonnullis
1171 2214 1269 2259 aliis
1288 2247 1301 2266 ,
1332 2226 1386 2260 ut
1416 2214 1664 2260 CHARASH
1694 2213 1865 2272 vipera,
1891 2212 1933 2257 ὃς
1954 2208 2232 2272 Jesuitarum

160 2273 457 2323 Siamensium
480 2287 692 2321 anatome
718 2275 968 2330 Crocodili,
1004 2289 1141 2337 atque
1159 2278 1336 2324 lacertae
1363 2279 1594 2338 Tockaya.
1664 2277 1775 2324 Haec
1789 2273 1986 2323 Parifina
2012 2273 2233 2321 hactenus

163 2339 304 2386 editio
336 2337 588 2400 pleniffima
612 2338 702 2392 est,
737 2340 914 2400 Belgica
942 2341 1065 2387 enim
1100 2340 1347 2401 posteriora
1370 2343 1650 2389 incrementa
1676 2357 1774 2387 non
1801 2340 1951 2388 habet.
2037 2336 2183 2387 Pisces
2203 2354 2230 2386 a

161 2403 222 2452 du
240 2404 490 2452 VERNEYO
506 2437 520 2457 ,
560 2405 602 2450 &
622 2420 647 2450 a
673 2404 925 2476 PfflLlPP'o
951 2404 1070 2451 dela
1093 2406 1229 2453 HIRE
1256 2405 1383 2453 incisi
1399 2441 1411 2460 ‚
1446 2406 1656 2453 nondum
1682 2405 1966 2466 prodierunt.

287 2487 345 2534 In
365 2484 633 2534 universum
660 2485 917 2533 Academici
942 2487 1165 2548 cujusque
1183 2489 1391 2536 animalis
1412 2489 1579 2536 bonam
1607 2488 1834 2536 dederunt
1859 2486 2070 2549 figuram,
2103 2485 2229 2533 dein-

161 2549 217 2598 de
238 2552 548 2599 ventriculum
565 2585 578 2605 ,
612 2550 825 2598 intestina
843 2585 855 2604 ,
891 2549 1060 2598 viscera
1080 2551 1280 2613 reliqua,
1318 2555 1503 2607 oculos,
1540 2551 1733 2600 subinde
1759 2554 1896 2600 etiam
1926 2549 2224 2610 vasa'aliqua,

156 2614 273 2678 saepe
286 2633 391 2664 cum
405 2613 642 2663 mensuris.
716 2615 1013 2663 Subtiliorem
1029 2629 1382 2663 anatomennon
1406 2617 1513 2665 sunt
1527 2616 1765 2679 persecuti,
1801 2618 1856 2664 de
1879 2617 2031 2664 nervis
2048 2617 2124 2663 vix
2144 2629 2229 2660 un-

159 2696 298 2742 quam
322 2692 540 2742 egerunt‚
577 2697 727 2741 neque
751 2679 804 2727 de
830 2680 1072 2727 minutiori
1093 2679 1263 2728 fabrica
1280 2680 1518 2737 viscerum,
1555 2682 1753 2737 testium,
1781 2684 2035 2729 oculorum.
2103 2679 2228 2725 Mul-

160 2756 205 2791 ta
245 2757 398 2791 tamen
434 2746 610 2792 utiliter
646 2744 892 2799 viderunt,
930 2747 973 2792 &
1008 2746 1157 2806 primi.
1226 2747 1372 2794 Pauca
1407 2749 1641 2808 decerpam
1683 2764 1739 2794 ex
1771 2748 1943 2794 multis.
2014 2744 2067 2790 In
2096 2743 2227 2787 leone

158 2807 497 2869 Ruyschianam
514 2810 720 2857 tunicam
741 2811 881 2870 tapeti
898 2812 1086 2857 nomine
1109 2809 1341 2866 dixerunt,
1376 2824 1475 2860 tum
1497 2811 1716 2873 prostetas
1744 2810 2010 2872 superiores,
2041 2804 2230 2853 inferio-

159 2889 258 2927 res,
292 2871 534 2921 vesiculam
561 2873 679 2922 fellis
701 2873 825 2937 quasi
849 2873 986 2937 septis
1015 2874 1220 2925 divisam.
1291 2878 1377 2924 Lac
1403 2878 1453 2926 in
1475 2878 1666 2926 ciconia.
1754 2877 1810 2924 ln
1837 2874 1985 2935 aquila
2008 2870 2228 2918 membra-

1148 2942 1189 2991 Z
1213 2957 1235 2989 z
1267 2956 1292 2990 2
1324 2954 1356 2993 2
2117 2949 2227 2982 nam

212 3053 285 3109 (1)
316 3055 460 3104 Journ.
493 3056 556 3098 des
583 3058 733 3099 Savum
765 3061 879 3109 1689.
