2556 3442
539 135 586 198 ς.
620 149 729 200 712.
765 148 875 201 713·
927 133 1379 197 ‘VERHEYEN
1445 142 1925 198 ssoERHAAVE.
2160 138 2260 209 ‘75'7

206 270 278 317 sus
296 303 308 322 ‚
339 284 445 316 vere
473 267 781 324 Christianus,
817 271 1103 332 ingratorum
1138 268 1323 332 perinde
1349 280 1566 332 patronus
1585 308 1597 326 ,
1634 277 1817 337 eloquio
1847 277 2007 331 valuit,
2043 275 2261 338 brevique

210 333 326 393 stylo
352 336 394 380 &
422 333 598 388 nitido,
635 336 677 381 ἃ
705 335 976 382 rectitudine
1007 335 1168 395 judicii
1187 370 1200 388 ,
1241 348 1408 395 gnarus
1431 335 1770 386 ,mathematum
1795 376 1806 394 ‚
1860 354 2090 402 artemque
2121 342 2274 387 medi-2>

211 413 314 453 cam*
342 414 420 457 per
451 398 700 445 calidorum
732 398 1170 444 medicamentorum
1214 400 1257 445 &
1285 399 1580 445 alcalinorum
1620 417 1814 449 anacrem
1847 419 2106 466 corruptam
2140 405 2264 451 resti·

184 470 187 473 ’
211 461 318 509 tuit.
386 462 632 508 Neminem
657 462 938 507 medicorum
960 461 1139 507 audivit
1163 474 1325 521 praeter
1347 463 1842 514 DRELINCOURTiUM
1859 503 1870 520 ,
1908 470 1987 528 qui
2011 469 2144 516 sacris
2166 470 2265 516 lite,

212 525 273 572 ris
295 523 337 571 se
359 524 629 578 devoviffet,
668 540 816 584 neque
829 522 919 569 ‘nisi
951 523 1054 571 casu
1074 525 1255 584 aliquo,
1293 542 1437 585 eoque
1467 524 1685 573 hactenus
1712 529 2050 586 involuntario,
2087 533 2143 579 ad
2173 550 2264 580 mc=

166 607 181 619 ν’
213 589 411 635 (lisinam
438 600 688 634 revocatus.
759 587 984 634 Animalia
1004 586 1098 648 ipse
1122 587 1202 635 fibi
1225 587 1380 642 secuit,
1416 588 1682 638 Professores
1706 592 1954 650 Leydenl'es
1972 595 2180 643 homines
2201 596 2265 643 se-

213 664 365 699 cantes
391 652 532 705 vidit,
568 650 717 712 ipsum
737 651 952 711 juvenem
986 654 1221 699 ALBINUM
1239 687 1251 706 ,
1288 665 1342 699 ut
1361 652 1472 713 saepe
1489 654 1598 700 Vidi.
1667 656 1938 715 Praeparatas
1957 675 1979 703 a
2000 661 2263 708 RUYSCfflO

215 717 416 775 corporis
434 715 626 762 humani
647 727 793 776 partes
820 732 972 762 coram
996 715 1181 769 habuit,
1219 718 1261 763 &
1284 717 1530 764 meditatus
1550 717 1626 764 est.
1701 718 1935 766 Chemiam
1964 724 2003 767 8.
2032 724 2268 771 microsco-

214 781 336 841 picas
366 778 692 839 speculationes
727 780 777 826 in
802 777 942 840 seipso
973 781 1247 841 proprioque
1279 782 1414 827 etiam
1447 783 1581 828 oculo
1609 782 1664 828 ad
1699 783 2010 830 illustrandam
2045 785 2269 845 physiolo=

214 844 348 904 giam,
381 843 487 890 &ad
504 842 766 890 refutandos
788 860 959 890 errores
981 843 1203 897 adhibuit,
1234 846 1432 904 optimos
1446 846 1704 907 libroslegit
1717 866 1731 900 3
1767 845 1900 908 supra
1915 849 2104 910 triginta
2123 866 2268 898 annos

212 905 545 968 Phyfiologiam
571 908 753 961 docuit,
792 909 864 954 cui
890 906 1014 954 suam
1042 907 1353 969 pathologiam
1387 907 1697 969 superstruxit.
1789 912 1875 958 Vir
1904 913 1954 958 in
1985 911 2270 959 adfirmando

214 970 444 1018 modestus
460 1006 471 1023 ,
509 972 558 1017 in
586 970 828 1018 refutando
849 970 1142 1032 parcissimus.
1210 974 1365 1028 Qare
1382 986 1605 1019 aeternum
1632 975 1674 1020 ei
1697 991 1897 1022 amorem
1914 1011 1925 1029 ,
1963 979 2005 1023 &
2026 994 2272 1036 perennem

219 1035 544 1095 gratitudinem
574 1052 645 1081 me
674 1035 834 1081 debere
864 1034 1088 1096 adgnosco
1110 1070 1122 1089 ,
1169 1034 1248 1082 etsi
1293 1052 1387 1081 non
1425 1039 1556 1096 potui
1601 1039 1771 1099 ubique
1809 1056 1912 1086 cum
1950 1039 2126 1086 summo
2170 1044 2272 1088 viro

217 1097 383 1145 sentire
402 1133 414 1152 ,
452 1116 587 1158 quem
610 1101 898 1146 MALP1GH11
930 1102 970 1146 Sc
996 1101 1360 1147 BELLlNl-amor
1386 1099 1540 1160 paffim
1565 1103 1849 1162 aliquantum
1879 1121 1902 1150 a
1935 1121 2044 1151 vero
2073 1104 2275 1151 abduxe-

216 1175 344 1215 rant,
379 1176 458 1209 aut
482 1164 605 1223 pleni
630 1165 671 1209 &
697 1162 892 1224 perfedlci
911 1163 1115 1224 undique
1144 1162 1392 1224 systematis
1428 1164 1646 1212 studium.
1727 1167 1921 1228 Ingenio
1947 1171 1989 1215 ὃς
2016 1169 2274 1218 eruditione

217 1242 370 1286 parem
395 1224 511 1273 forte
535 1225 682 1274 secula
711 1227 923 1281 reddent,
955 1244 1106 1288 parem
1136 1229 1342 1274 animum
1367 1228 1622 1276 rediturum
1651 1229 1851 1290 despero.

346 1308 549 1354 Primum
584 1307 766 1368 praeside
799 1308 1020 1371 Wolferdo
1047 1311 1327 1357 SENGUERD
1358 1308 1605 1370 disputavit
1644 1312 1695 1358 de
1729 1325 1866 1359 mente
1898 1311 2084 1362 humana
2124 1315 2275 1363 Leidae

222 1375 359 1484 1687:
388 1384 433 1483 iil.
453 1371 511 1427 *,
556 1389 691 1433 quam
729 1371 1085 1434 disputationem
1112 1387 1244 1435 putes
1270 1373 1466 1435 praesidis
1498 1374 1594 1424 effe.
1662 1376 1837 1425 Recusa
1863 1377 1925 1425 est
1951 1380 2001 1426 in
2020 1381 2278 1437 HAYMAN-

218 1449 276 1484 NI
357 1472 365 1482 .
438 1471 448 1482 .

349 1518 461 1565 Inde
485 1536 567 1579 pro
593 1519 736 1581 gradu
760 1520 1049 1568 Harderwici
1075 1538 1198 1569 anno
1222 1526 1356 1580 1693.
1386 1534 1433 1582 4.
1469 1521 1717 1585 disputavit
1744 1525 1794 1572 de
1828 1527 2020 1575 utilitate
2049 1531 2278 1592 exploran-

220 1581 375 1629 dorum
404 1588 448 1629 in
483 1585 596 1645 agric
628 1598 992 1632 excrementorum
1011 1621 1022 1639 ,
1074 1599 1126 1632 ut
1147 1587 1393 1649 signorum,
1435 1605 1562 1648 quam
1593 1589 1924 1650 disputationem
1953 1594 2022 1640 Cl.
2054 1595 2278 1644 BURTON

219 1646 419 1694 recusam
458 1646 584 1696 dedit
628 1649 826 1695 London
848 1661 984 1708 1743.
1026 1649 1116 1703 8.*
1148 1650 1298 1698 nescio
1337 1668 1475 1712 quare
1520 1653 1736 1701 nonnihil
1773 1660 2081 1704 contractam:
2138 1659 2280 1706 exstat

221 1711 355 1759 etiam
381 1710 672 1759 Francofurti
692 1725 826 1772 1742.
850 1720 892 1768 8.
929 1715 1079 1761 Leida:
1104 1727 1240 1774 1742.
1263 1722 1305 1769 8.
1386 1716 1449 1764 Ut
1478 1717 1625 1764 urinae
1655 1730 1870 1766 contenta
1897 1721 2068 1781 optime
2094 1723 2281 1785 indage..

219 1777 282 1822 ris
304 1810 316 1829 ,
354 1777 529 1837 quiete,
578 1775 728 1830 filtro,
764 1779 870 1838 igne
911 1776 1143 1839 subjecto,
1179 1780 1368 1840 aliisque
1408 1782 1595 1828 artibus.
1665 1783 1736 1829 De
1772 1781 1956 1831 Faecibus
1991 1788 2126 1833 eti-am
2154 1788 2276 1842 alvi,

218 1837 383 1894 saliva,
420 1838 607 1894 sudore,
645 1857 780 1888 muco
803 1843 931 1888 vario
949 1876 962 1896 ‚
995 1843 1113 1897 bile,
1150 1844 1349 1890 lacruma
1366 1878 1378 1898 ,
1408 1842 1482 1891 sed
1509 1846 1691 1893 brevius
1714 1848 1817 1908 egit.

348 1920 578 1983 Disputat.
604 1923 708 1984 lego
738 1922 899 1970 dediffe
918 1924 1603 1987 inauguralem·philosophicam
1628 1927 1679 1974 de
1695 1928 1955 1990 distinfflione
1978 1934 2124 1980 mentis
2142 1951 2170 1981 ιτ
2190 1949 2284 1984 σον.

214 1999 323 2049 pore
339 2020 351 2040 ,
387 1987 517 2047 cujus
543 2002 718 2033 annum
744 1988 910 2049 ignoro
932 2008 945 2041 3
982 1987 1183 2036 recusam
1208 1991 1259 2037 in
1279 1989 1601 2051 opusculorum
1625 1993 1824 2041 editione
1854 1996 2032 2044 Veneta
2049 2010 2183 2059 1757.
2203 2000 2284 2060 434ς

221 2052 394 2098 Contra
417 2053 706 2099 SPINOZAM.
2161 2065 2165 2066 ⁷
2215 2075 2220 2080 -

355 2133 392 2179 E
394 2147 415 2193 J
421 2169 430 2180 .
456 2131 507 2179 de
518 2131 595 2191 usu
606 2137 824 2180 ratiocinii
836 2132 1064 2183 mechanici
1074 2140 1118 2184 in
1133 2136 1340 2184 medicina
1353 2142 1508 2191 oratio,
1524 2155 1616 2185 ct-tm
1630 2144 1752 2186 tertii
1755 2140 1840 2200 fine
1844 2143 2038 2203 stationt’c
2049 2147 2154 2205 cinni
2168 2142 2287 2192 labog

223 2213 292 2245 res
306 2195 602 2258 auspicaretur
637 2200 659 2255 (
679 2199 851 2255 1702.)
886 2199 1012 2245 Leid.
1042 2213 1177 2260 1703.
1196 2208 1238 2255 8.
1285 2215 1420 2260 1709.
1439 2204 1533 2257 8.*,
1560 2206 1699 2264 inque
1716 2222 1905 2265 operum
1923 2209 2283 2256 collecstionibus.

224 2262 405 2333 Corpus
429 2259 685 2306 humanum
714 2260 971 2308 machinam
998 2263 1080 2310 effe
1109 2264 1421 2326 hydraulicam
1442 2301 1453 2320 ,
1495 2269 1535 2314 ὃς
1572 2269 1626 2314 ad
1655 2267 1759 2316 suos
1785 2268 1900 2317 fines
1933 2288 2160 2333 quamque
2187 2289 2284 2319 cor-

200 2341 354 2435 -porlls
373 2337 551 2396 partem
573 2337 780 2434 accepta-te
799 2323 1075 2375 fabricatam.
1147 2328 1263 2376 Vasa
1288 2331 1466 2398 minora
1487 2333 1528 2378 ὃς
1560 2334 1790 2381 tenuiores
1819 2335 2084 2397 recipientia
2120 2336 2285 2384 humo-

223 2405 293 2436 res
347 2404 387 2435 ic
416 2404 612 2442 primum
673 2400 771 2435 1x1t.

355 2471 638 2531 Institutiones
657 2470 821 2518 medicae
834 2476 876 2519 in
888 2471 977 2531 usus
992 2490 1139 2521 annuae
1152 2479 1463 2525 exercitatione
1480 2477 1713 2540 domesticos
1730 2479 1887 2542 digestae
1907 2482 2030 2531 Leid.
2055 2490 2187 2541 1708.
2207 2480 2287 2538 8.*

230 2545 369 2592 1713.
391 2531 473 2588 8.*
511 2546 647 2592 1720.
671 2532 750 2588 8.*
788 2548 923 2595 1727.
949 2541 1022 2590 8.³⁶
1063 2549 1196 2598 1734.
1215 2544 1287 2594 87*
1329 2548 1463 2601 1746.
1487 2540 1598 2596 8.‘*;
1636 2544 1743 2590 alibi
1766 2544 1997 2606 saepiffime
2016 2545 2179 2594 recusae
2204 2549 2286 2594 Pa-

225 2597 300 2646 ris.
326 2609 461 2657 1737.
480 2603 520 2652 8.
552 2599 717 2645 Venet.
742 2612 874 2659 1757.
892 2601 973 2660 4*
1003 2604 1084 2649 &c.
1154 2605 1327 2652 Gallice
1352 2604 1487 2652 versae
1517 2623 1542 2653 a
1565 2608 1743 2662 Juliano
1767 2610 1954 2657 OFRAI.
2019 2612 2287 2658 Germanice
2330 2651 2333 2654 .

226 2680 253 2710 a
281 2666 328 2717 J.
358 2667 487 2710 Petro
506 2663 787 2712 EBERHARD
824 2666 944 2711 Hall.
973 2678 1108 2725 1734.
1146 2666 1226 2722 8.*
1303 2671 1478 2731 Belgice
1508 2688 1532 2718 a
1563 2674 1615 2718 C.
1644 2673 1781 2728 Lovss
1812 2686 1947 2732 1745.
1982 2680 2021 2728 8.
2073 2687 2209 2734 1752.
2240 2682 2286 2729 8.

223 2726 348 2774 ‚Cum
370 2726 538 2774 tabulis
563 2729 700 2773 aeneis
725 2727 890 2775 recusae
923 2730 1126 2777 Londini
1150 2745 1285 2791 1751.
1311 2747 1355 2793 4.
1386 2735 1464 2782 alii
1486 2747 1622 2794 1741.
1654 2749 1700 2795 4.
1770 2739 1957 2784 Arabice
1979 2737 2142 2793 versae,
2177 2738 2288 2786 teste

227 2790 408 2837 Alherto
438 2792 772 2846 SCHULTENS,
811 2795 855 2839 &
881 2791 964 2840 sub
988 2811 1113 2841 novo
1135 2799 1261 2856 prelo
1291 2798 1806 2861 Constantinopolitano
1831 2799 2016 2848 excusae.

361 2873 502 2919 Hunc
528 2872 584 2920 ad
614 2874 782 2922 librum
812 2873 904 2921 fere
929 2875 979 2921 in
1005 2877 1218 2925 omnibus
1245 2879 1468 2928 universae
1488 2882 1682 2943 Europae
1709 2881 1874 2929 scholis
1902 2884 2073 2931 multos
2099 2901 2177 2945 per
2209 2901 2289 2932 an-

228 2950 314 2982 nos
334 2936 594 2996 praelectum
609 2938 684 2986 est.
749 2940 984 2986 Perbrevis
1002 2941 1144 3000 prima
1167 2943 1307 2990 editio
1325 2943 1430 2999 fuit,
1456 2944 1694 3007 sequentes
1713 2945 1871 2992 sensim
1897 2948 2143 3002 aucliores,
2181 2950 2291 2996 ulti-

231 3015 307 3047 ma
329 3000 441 3047 anni
467 3011 632 3060 1727.,
669 3003 768 3065 post
794 3020 932 3066 quam
963 3003 1082 3053 nihil
1106 3005 1296 3120 accegit.
1373 3010 1482 3057 ‘Pars
1504 3011 1648 3072 prima
1679 3011 1825 3072 operis
1853 3009 2160 3074 physiologica
2188 3013 2287 3123 dest,

1261 3088 1284 3119 c
1318 3089 1384 3121 cc
1416 3090 1439 3120 c
1479 3085 1502 3131 3
2135 3093 2184 3124 ea
2218 3092 2291 3124 em
