2556 3442
367 171 461 216 612
743 166 875 216 ιιΒ.
930 171 1015 219 VJ.
1082 164 1536 217 ANIMALIUM
1581 151 2055 219 INCISIONES.

367 288 419 340 in
436 293 817 365 quadrupedibus
841 298 883 343 δι
905 294 1131 358 piscibus:
1178 297 1232 343 de
1256 297 1382 357 gallis
1408 312 1519 357 quas
1551 295 1746 344 ostendit
1784 313 1841 344 ex
1873 297 2133 347 vermiculis
2167 296 2321 347 nasci:
2369 299 2424 348 de

369 358 474 405 ovis
501 360 541 405 &
571 358 901 420 embryonibus
926 363 1156 409 variorum
1190 361 1470 414 animalium.
2372 363 2375 365 “
2413 387 2422 391 „

499 440 611 486 Haec
638 442 908 501 prodierunt
931 442 1081 491 Leidae
1107 450 1241 503 1687.
1263 456 1308 503 4.
1314 441 1346 472 *
1376 460 1482 491 cum
1494 443 1643 491 titulo
1668 446 1905 492 Anatomia
1931 441 1989 501 &²
2010 447 2387 498 interiorayerum
2409 479 2421 499 ,

370 514 471 551 tum
500 505 622 551 Leid.
642 511 776 562 1696.
794 518 840 566 4.
880 508 926 554 Β.
941 508 988 554 Β.

503 591 778 635 Continuatio
802 589 1065 652 epistolarum
1096 590 1398 644 Leidae1689.
1421 601 1466 649 4
1509 586 2003 649 1696.4.1715.4..*
2071 590 2280 652 Epistolae
2318 589 2427 638 sunt

369 653 473 697 οδω
501 652 612 697 anni
646 658 780 710 1687.
807 654 862 698 ad
889 654 984 700 Soc.
1013 653 1204 713 Regiam
1229 669 1420 705 omnes,
1463 652 1516 699 de
1544 654 1750 700 dentium
1785 652 1976 708 fabrica,
2022 654 2298 715 bombycum
2324 655 2426 702 ovis

369 716 732 776 &generatione,
769 728 868 763 tum
879 716 1196 762 curculionum
1219 714 1582 762 &formicarum
1651 717 1950 765 Coccinellam
1981 717 2061 764 else
2086 719 2425 766 animalculum.

368 779 440 825 De
460 780 596 827 variis
621 780 812 826 minutis
835 780 1134 831 animalibus,
1177 780 1219 825 Sc
1249 779 1303 824 de
1326 790 1456 825 motu
1480 777 1640 839 chyli
1629 795 1679 826 111
1710 797 1945 828 acarorum
1965 781 2208 830 intestinis.

494 860 1020 908 Aycmzmmtnraedetecfla
1046 857 1174 906 Delft
1198 866 1332 915 1695.
1349 871 1392 918 4.
1397 858 1429 889 *
1459 861 1583 907 Leid.
1610 871 1745 918 1722.
1765 873 1811 919 4.
1816 860 1862 908 *.
1929 863 2140 923 Epistulae
2159 862 2332 911 suntad
2346 863 2427 913 So-

332 952 353 955 *
370 925 577 998 cietatem
604 925 791 983 Regiam
815 923 944 976 dans,
982 924 1172 969 omnino
1195 930 1265 979 38.
1286 925 1476 970 abanno
1496 930 1628 978 1680.
1651 924 1702 970 ad
1730 941 1902 975 annum
1923 932 2057 986 1694.
2081 926 2428 989 subjunguntur

370 991 408 1034 al
402 990 530 1048 iqua:
566 988 621 1033 ad
649 960 759 1034 alios
790 988 860 1033 Cl.
896 988 1019 1034 viros
1048 987 1280 1048 epistolae.
1317 989 1497 1039 numeri
1521 989 1749 1048 incipiunt
1778 987 1885 1034 addi
1910 989 1966 1034 ad
1991 1005 2036 1035 11.
2058 996 2133 1037 61.
2149 1025 2162 1045 ,
2199 994 2241 1039 &
2262 993 2426 1039 ultima

371 1052 432 1098 est
458 1069 503 1098 ιι.
525 1063 602 1107 92.
671 1051 761 1097 Hic
789 1051 966 1124 globuli
989 1050 1221 1112 sanguinis
1250 1050 1471 1106 humani,
1507 1051 1699 1113 chyli&
1732 1053 1871 1099 lactis.
1939 1052 2090 1113 Negat
2120 1057 2303 1102 arterias
2343 1057 2425 1102 mi-

370 1117 513 1162 nimas
540 1131 642 1162 cum
667 1115 795 1161 venis
820 1116 1094 1162 continuari.
1163 1117 1336 1163 Contra
1362 1132 1557 1163 ovorum
1580 1114 2157 1177 hypothefi11.Testiculi
2186 1118 2345 1178 pulicis
2381 1121 2426 1167 δι

369 1198 397 1226 ι
403 1195 555 1226 ermes.
624 1179 815 1239 Sanguis
850 1196 946 1225 non
982 1178 1294 1226 fermentitur.
1364 1181 1616 1241 Epidermis
1651 1178 1901 1240 squamosa.
1972 1181 2128 1228 Lentis
2161 1180 2430 1241 crystallinae

368 1243 548 1291 fabrica.
620 1243 790 1290 Culicis
815 1256 1038 1290 anatome.
1110 1242 1244 1290 Aselli
1278 1246 1409 1292 lactes
1435 1247 1477 1291 ὃς
1502 1262 1602 1291 ova.
1671 1245 1828 1291 Ranae.
1917 1244 2166 1292 Circulatio
2192 1243 2428 1306 sanguinis

367 1311 416 1354 111
441 1308 619 1368 girino,
660 1319 760 1353 tum
785 1308 834 1354 in
857 1309 1086 1368 anguilla,
1123 1324 1252 1368 perca
1280 1311 1394 1361 Sta,
1427 1309 1561 1356 etiam
1587 1309 1635 1355 in
1657 1307 1869 1362 homine,
1905 1310 1947 1355 ac
1974 1308 2028 1354 de
2048 1309 2223 1356 variato
2248 1306 2429 1370 sangui..

367 1374 436 1418 nis
458 1384 602 1417 motu.
673 1371 908 1417 Curculio
962 1341 1143 1419 Pemiae.
1215 1343 1492 1433 Anguillaeb
1468 1373 1713 1425 veneratio,
1751 1389 1888 1445 quam
1910 1384 2041 1432 putat
2058 1373 2309 1434 viviparam
2328 1371 2428 1422 effe.

367 1437 572 1482 Pulicum
590 1436 838 1496 generatio,
861 1437 970 1490 vita,
996 1449 1095 1482 tum
1110 1437 1302 1482 aliorum
1318 1437 1597 1483 animalium.
1666 1438 1720 1485 T
1712 1438 1840 1483 enia.
1894 1438 2070 1484 Contra
2091 1453 2192 1485 ova.
2245 1437 2429 1485 Fabrica

367 1502 516 1561 Inguae
541 1499 794 1560 cordisque.
863 1501 949 1552 My
953 1502 1089 1548 tulus.
1158 1502 1319 1547 Motus
1344 1499 1615 1563 sanguinis
1603 1516 1654 1548 111
1682 1502 1896 1548 cancello,
1967 1503 2109 1550 Oculi
2135 1499 2427 1550 insectorum.

366 1566 518 1612 Animz
521 1565 652 1610 ilcula
675 1565 798 1611 varia
823 1567 1016 1610 minora.
1089 1564 1263 1611 Ostrea.

501 1651 772 1695 continuatio
800 1664 1059 1693 arcanorum
1079 1660 1241 1694 natum
1267 1647 1526 1695 [Zeteffformn
1560 1648 1684 1696 Leid.
1713 1659 1906 1708 17224.
1945 1651 1987 1695 ἃ
2014 1660 2068 1695 ut
2087 1647 2272 1696 videtur
2299 1646 2437 1697 Delft

370 1717 507 1770 1697.
528 1723 572 1770 4.
611 1712 657 1756 B.
676 1713 870 1759 Buaxffl.
939 1713 1139 1772 pergunt
1166 1729 1265 1772 epp.
1286 1712 1340 1758 ad
1366 1711 1507 1773 usque
1527 1725 1629 1772 107.
1657 1715 1698 1759 ἃ
1721 1714 1774 1759 ad
1796 1712 1995 1761 diversos
2013 1714 2135 1760 viros
2159 1713 2316 1760 doc‘tos
2336 1710 2432 1773 spe-

368 1779 504 1823 ctant.
574 1776 860 1822 Animalcula
890 1775 970 1822 test
974 1792 1078 1822 toea
1101 1777 1251 1836 aliqua
1274 1811 1287 1830 ,
1326 1779 1369 1824 ὃς
1396 1793 1554 1823 eorum
1583 1794 1684 1825 ova.
1755 1779 2002 1825 Generatio
2029 1775 2342 1838 pediculorum
2360 1776 2430 1825 su-

367 1838 542 1891 fiffime
613 1841 789 1887 Omnes
816 1840 1037 1900 anguillas
1064 1838 1254 1887 feminas
1283 1839 1395 1888 effe·
1386 1878 1395 1887 .
1432 1842 1482 1888 in
1507 1842 1562 1888 iis
1579 1854 1732 1890 motus
1759 1840 2007 1904 sanguinis.
2077 1840 2241 1888 Ostrea
2259 1839 2430 1889 mascu-

368 1907 463 1952 lum
488 1902 646 2015 sefrum
678 1902 842 1952 habere
870 1907 912 1952 ὃς
944 1902 1235 1954 femininum.
1307 1906 1565 1969 Coagulum
1599 1907 1844 1955 ventriculi
1871 1904 2221 1955 ruminantium.
2291 1907 2431 1968 Squa-

367 1986 452 2016 mae
479 1985 523 2031 pi
548 1985 683 2016 cium.

494 2067 677 2130 Epistola
703 2067 762 2114 acl
791 2071 1036 2116 Societatem
1062 2072 1238 2132 Regiam
1269 2069 1454 2132 aliosque
1479 2070 1653 2132 illustres
1678 2074 1797 2117 viros
1845 2069 1968 2117 Leid.
1994 2082 2128 2129 1719.
2161 2067 2258 2130 4.*.
2326 2068 2429 2116 Nu-

370 2147 518 2179 merus
558 2133 703 2193 pergit
741 2132 796 2179 ad
830 2138 932 2193 146.
972 2136 1013 2180 ἃ
1047 2135 1159 2181 anni
1194 2134 1250 2180 ad
1280 2147 1412 2193 1707..
1446 2136 1570 2195 quod
1609 2136 1826 2182 ultimum
1870 2151 1984 2194 opus
2030 2134 2090 2181 est
2127 2134 2428 2195 Belgicorum.

371 2197 510 2243 Oculi
532 2195 753 2243 scarabaei.
820 2199 891 2244 De
917 2196 1148 2260 sanguinis
1175 2199 1469 2245 circulatione
1501 2200 1657 2246 multa.
1727 2199 1988 2245 Decertatio
2022 2215 2126 2245 cum
2164 2199 2431 2248 HARTIQE-

373 2273 472 2306 KEP
481 2274 510 2306 ο
533 2262 590 2306 ob
610 2278 688 2307 xer
693 2262 882 2309 miculos
910 2260 1212 2323 spermaticos.
1279 2263 1381 2309 De
1372 2263 1426 2310 lis
1446 2264 1654 2323 plurima.
1722 2262 1792 2309 Ad
1812 2260 2045 2323 sanguinis
2065 2274 2244 2310 motum
2265 2262 2427 2308 multa.

369 2324 654 2371 Animalcula
680 2326 857 2372 minora
886 2344 911 2373 v
917 2328 1039 2380 iria,
1082 2327 1201 2374 inter
1230 2344 1305 2381 ea,
1344 2344 1444 2388 quae
1471 2328 1598 2389 jecur
1638 2299 1917 2373 animaliuni³
1943 2324 2171 2374 infestant.
2240 2325 2427 2387 Squilla.

372 2388 562 2434 Globuli
592 2391 632 2435 ἃ
658 2391 890 2449 particulae
930 2392 1034 2451 plan
1064 2408 1121 2437 ov
1128 2393 1216 2438 ales
1254 2389 1458 2452 piicium.
1528 2393 1597 2438 De
1626 2392 1786 2451 apibus
1811 2391 1987 2451 aliqua,
2026 2394 2067 2437 Sc
2094 2391 2148 2438 de
2177 2406 2331 2437 earum
2359 2405 2428 2436 re-

371 2453 491 2512 gina.
559 2453 627 2498 De
643 2456 813 2501 ιιιιιιείε
832 2458 971 2501 varia.
1041 2456 1433 2502 Animalculorum
1457 2458 1773 2516 aquaticorum
1799 2455 1897 2517 post
1925 2456 2179 2503 multorum
2205 2451 2427 2502 mensium

372 2517 571 2577 quietem
597 2517 689 2563 vita
722 2519 909 2566 reddita.
977 2519 1047 2567 Ad
1079 2521 1322 2581 bombyces
1350 2522 1392 2567 ὃς
1415 2518 1620 2566 sericum.

499 2613 678 2675 Epistola
694 2612 973 2677 plvjsiologicae
1005 2614 1345 2678 (quadraginta
1369 2615 1478 2675 sex)
1509 2615 1639 2664 Delft
1665 2629 1800 2676 1719
1827 2614 1910 2676 4.*
1945 2617 2000 2664 ad
2039 2617 2188 2664 varios
2223 2613 2426 2662 eruditos

371 2678 523 2731 viros,
570 2677 706 2725 etiam
748 2679 803 2723 ad
833 2680 1102 2727 Societatem
1136 2682 1459 2728 Britannicam.
1527 2682 1681 2729 Multa
1704 2682 1759 2727 de
1798 2681 1982 2728 balaenae
2022 2682 2303 2739 aliorumque
2331 2678 2428 2725 ani-

371 2742 562 2788 malium
587 2757 718 2788 carne
741 2739 920 2789 fibrillis
953 2745 994 2790 ὃς
1021 2745 1362 2792 membranulis.
1444 2746 1515 2792 De
1544 2746 1743 2806 pilorum
1773 2743 1964 2799 fabrica,
2000 2744 2194 2791 animale
2220 2741 2426 2791 rotifero.

371 2806 457 2852 Pro
497 2804 588 2852 suis
627 2806 909 2852 animalculis
949 2807 1159 2856 adverlus
1193 2811 1246 2856 A
1272 2810 1660 2857 VALISNER1UM
1730 2810 1937 2869 Squamae
1978 2805 2181 2879 piscium.
2251 2808 2427 2855 Contra
2475 2859 2478 2862 .
2535 2799 2547 2824 ⁴¹

374 2888 432 2916 οι
437 2887 474 2915 ..1
549 2870 613 2915 Ad
639 2870 808 2916 cerebri
834 2885 1169 2942 nervorumque
1186 2871 1417 2927 fabricam,
1447 2876 1489 2920 &
1511 2873 1670 2934 adipis.
1738 2871 1979 2920 Exhalatio
1999 2870 2203 2933 corporis
2220 2869 2424 2921 humani.
2495 2898 2498 2899 ⁷
2526 2895 2528 2897 >

372 2935 522 2981 Prima
545 2933 730 2994 epistola
760 2933 820 2980 est
844 2935 954 2979 anni
993 2946 1128 2993 1712.
1146 2955 1159 2988 3
1194 2937 1357 2984 ultima
1381 2937 1494 2984 anni
1521 2949 1657 2996 1717.

502 3020 618 3068 Dole
623 3038 693 3077 13,
731 3020 856 3084 quod
879 3022 1007 3069 nulla
1033 3023 1167 3084 plena
1190 3023 1329 3073 editio
1355 3041 1545 3088 operum
1570 3023 1710 3087 hujus
1735 3022 1825 3073 viri
1855 3023 2091 3087 prodierit.
2158 3024 2342 3090 Viginti
2362 3021 2430 3072 sed

2302 3100 2428 3153 ptem
