2556 3442
769 136 807 188 §-
845 119 1103 191 644q645.
1171 129 1231 177 G.
1265 129 1318 177 E.
1356 129 1609 181 STAHL.
1739 161 1760 175 -.
2123 144 2226 194 701:

150 201 186 222 Ν

286 263 363 324 EJ.
402 267 634 325 Negotium
665 262 869 322 otiosum,
889 261 930 322 s.
956 274 1199 314 σκιαμωχισι
1224 257 1421 316 adverfits
1439 258 1663 318 positiones
1691 259 1856 321 aliquas·
1870 259 2218 322 fundamentales

159 327 283 374 Hali.
305 338 441 386 1720.
461 326 568 386 4.*:
605 325 816 374 adversus
839 328 1186 377 Lsslssmzmm,
1223 325 1266 369 δε
1291 324 1457 383 primas
1482 333 1616 379 atque
1644 321 1859 370 secundas
1884 327 1980 386 ejus
2009 327 2096 372 viri
2123 326 2219 371 ani-

158 390 492 438 madverfiones
508 425 521 444 ‚
557 401 734 452 pugnat
757 406 839 449 pro
866 401 1021 435 motus
1044 388 1255 434 animalis
1286 386 1434 433 omnis
1465 384 1519 430 ab
1546 385 1696 430 anima
1721 389 1910 448 origine,
1940 401 2097 436 contra
2116 388 2218 435 har.

156 456 362 501 moniam
401 457 658 502 LmBleu
701 452 1048 514 praestabilitam.
1148 451 1237 497 Hic
1278 452 1350 498 vir
1379 449 1449 496 Cl.
1491 462 1630 508 quam
1666 449 1773 495 alibi
1820 452 1935 499 mihi
1984 451 2218 501 obscurior

157 518 354 566 videtur.

289 620 346 666 In
359 617 659 681 fundamentis
681 613 851 675 chymiae
877 613 1144 677 dogmatice·
1159 612 1380 660 rationalis
1414 611 1707 672 Norimberg.
1733 622 1867 670 1723.
1889 613 1970 670 4.*
2005 617 2046 660 Sc
2070 617 2215 662 multo

156 684 333 730 auctius
369 694 503 740 1747-
525 679 607 740 4*
642 693 777 738 1749.
801 681 879 739 4.*
908 679 1041 725 editis
1069 676 1204 741 poffis
1231 677 1324 724 huc
1356 675 1615 730 adhibere,
1643 690 1744 737 quae
1773 677 1824 723 in
1847 677 1902 723 T.
1929 677 2008 723 III.
2048 679 2101 724 de
2131 678 2218 726 fer..

155 747 439 794 mentatione
473 747 516 791 Sc
549 743 882 805 putrefactione
909 743 1097 790 exstant.

282 848 353 895 Sic
369 843 667 905 Zytnotechnia
671 843 1031 905 fundamentalis,
1050 842 1090 903 s
1096 842 1443 905 fermentationis
1455 837 1620 887 theoria
1630 838 1845 902 generalis
1874 839 1995 886 Hali.
2014 844 2147 898 1697.
2172 845 2216 894 8.

154 914 197 960 &
226 913 277 959 in
302 909 499 972 opusculo
535 921 671 967 1715.
689 908 772 967 4*

286 1012 344 1057 In
364 1010 591 1071 specimine
620 1009 1020 1061 BECCHERIANO‚
1049 1004 1208 1067 Lipsiae
1231 1015 1366 1064 1720.
1393 1010 1436 1059 8.
1473 1002 1528 1050 de
1557 1015 1676 1050 terra
1700 1002 1892 1064 triplici,
1911 1014 2064 1065 ⁴atque
2104 1003 2216 1052 adeo

153 1075 287 1122 etiam
314 1074 367 1120 de
395 1086 513 1120 terra
542 1073 812 1119 animalium
842 1072 950 1133 agit.

281 1171 471 1236 Synoplz‘s
495 1172 707 1220 medicina:
728 1174 1033 1220 STAHLIANAE
1060 1169 1114 1219 ab
1140 1170 1223 1234 ipso
1245 1169 1413 1217 aucflore
1435 1168 1654 1232 proposita
1668 1172 1713 1215 in
1734 1167 1922 1230 quadam
1953 1168 2121 1230 epistola
2138 1166 2216 1232 fa.

152 1238 314 1286 miliari
346 1239 466 1284 Hall.
487 1243 620 1296 1726.
643 1243 684 1290 8.
723 1237 951 1283 BURCKH.

277 1338 430 1385 Multa
456 1338 725 1383 Germanica
749 1335 1044 1396 prodierunt,
1082 1347 1136 1382 ut
1166 1332 1457 1396 Abhandlung
1479 1350 1566 1381 von
1593 1333 1672 1380 den
1706 1333 1897 1395 Zufiillen
1927 1333 1998 1379 des
2026 1337 2214 1381 Frauen-

146 1407 359 1454 zimmers.
412 1399 585 1447 Bericht
597 1417 695 1446 vom
707 1412 825 1447 motu
845 1405 982 1447 tonico
996 1401 1124 1446 vitali
1139 1398 1235 1456 &a
1274 1399 1458 1459 Leipzig
1475 1410 1611 1458 1724.
1633 1404 1676 1452 8.
1717 1409 1802 1456 173
1815 1411 1854 1451 5.
1874 1404 1915 1452 8.
1935 1399 2049 1444 male
2073 1404 2157 1454 183
2170 1410 2211 1456 5.

278 1481 572 1544 Abhandlung
601 1499 687 1529 von
716 1481 794 1529 der
823 1482 1014 1545 guldnen
1041 1481 1163 1528 Ader
1201 1481 1386 1541 Leipzig
1404 1491 1537 1538 1729.
1565 1477 1659 1533 8.*.
1730 1481 1815 1527 Sex
1839 1477 1946 1526 sunt
1981 1477 2090 1526 Diff.
2119 1480 2213 1526 Na-

150 1561 266 1597 turae
292 1545 374 1594 effe
392 1563 506 1608 opus
521 1580 533 1599 ,
571 1559 841 1607 motumque
863 1548 999 1594 etiam
1016 1562 1095 1606 per
1113 1544 1248 1592 horas
1273 1543 1373 1591 suas
1398 1542 1673 1596 definitum3
1709 1541 1976 1605 sanguinem
1996 1541 2213 1590 haemorr-

150 1612 341 1660 hoidum
367 1623 498 1658 motu
536 1611 692 1657 tonico
718 1613 836 1672 regi,
885 1612 927 1657 &
959 1611 1014 1657 ab
1045 1611 1217 1657 alterna
1246 1608 1566 1656 constrictione
1594 1606 1905 1655 musculorum
1933 1609 2038 1659 ani3
2080 1607 2212 1654 moli-

146 1693 256 1724 men
277 1674 357 1722 effe
387 1687 593 1726 naturae3
632 1673 732 1721 fieri
757 1691 782 1721 a
817 1686 949 1721 motu
974 1677 1130 1721 tonico
1146 1708 1158 1727 ,
1207 1690 1299 1734 quo
1330 1670 1432 1719 vasa
1457 1689 1533 1733 per
1554 1671 1692 1719 fibras
1718 1672 2084 1732 comprimuntur
2099 1690 2113 1724 3
2166 1673 2210 1718 &

147 1741 430 1802 peculiariter
467 1739 522 1786 ab
560 1739 734 1785 alterna
772 1739 999 1786 laxatione
1029 1740 1071 1785 Sc
1101 1738 1422 1785 constrictione
1457 1734 1767 1783 musculorum
1810 1752 1898 1782 ano
1932 1735 2208 1782 vicinorum.

145 1807 216 1852 De
240 1802 583 1864 haemorrhagiis
612 1803 776 1863 cuique
799 1803 923 1849 aetati
952 1804 1165 1863 congruis
1187 1838 1199 1855 ,
1239 1818 1317 1863 per
1346 1817 1500 1854 nares,
1538 1798 1750 1861 sputum,
1783 1816 1937 1845 anum.
2006 1800 2062 1845 In
2096 1796 2206 1845 Diff.

147 1867 202 1914 d'e
227 1866 640 1914 haemorrhoidibus
669 1865 765 1913 fuse
793 1868 846 1914 de
877 1867 1027 1914 anima
1054 1866 1187 1914 suurn
1214 1882 1377 1927 corpus
1403 1865 1701 1918 emendante,
1737 1875 1793 1910 ut
1814 1880 1870 1910 ex
1897 1863 2033 1910 variis
2057 1879 2208 1910 exem-

146 1933 233 1995 plis
259 1931 562 1994 pathologicis
592 1931 817 1992 adpareat.
1931 1995 1955 2019 ⁴

271 2030 488 2091 Proprius
523 2030 577 2076 de
604 2028 780 2090 scriptis
817 2033 871 2078 G.
897 2032 947 2079 E.
978 2032 1192 2080 STAHLII
1228 2033 1512 2092 aliorumque
1546 2029 1601 2076 ad
1629 2030 1726 2090 ejus
1759 2039 1957 2074 mentem
1995 2024 2220 2091 differelnae

144 2096 262 2142 tium
301 2096 414 2142 liber
444 2094 634 2157 prodiit,
671 2099 719 2151 J.
741 2095 951 2144 Ludovici
976 2098 1129 2144 Apim
1164 2096 1416 2158 Nnrnberg
1441 2106 1578 2154 1729.
1599 2094 1693 2153 4.*‚
1733 2109 1824 2154 quo
1846 2094 1889 2139 ἃ
1922 2090 2029 2147 usus
2051 2090 2171 2175 sjm.

863 2228 901 2278 §.
937 2226 980 2271 D
998 2225 1035 2272 C
1047 2226 1094 2272 X
1108 2226 1145 2272 L
1157 2225 1217 2272 V.
1329 2228 1463 2272 Varii.

2026 2281 2031 2305 ¹>

274 2319 491 2378 Francisci
517 2320 713 2374 ZYPffi1‚
749 2319 1008 2368 Profefforis
1037 2320 1357 2375 Lovanienfis,
1409 2324 1451 2368 Sc
1485 2319 1642 2368 secreti
1676 2320 1905 2366 Bmsmm
1946 2309 2205 2380 depioiitarii

140 2384 278 2446 regii,
307 2385 600 2446 fundmnenta
622 2384 832 2432 medicinae
858 2386 1097 2447 reformata
1130 2387 1324 2433 Bruxell.
1344 2392 1478 2441 1683.
1498 2392 1538 2440 8.
1574 2391 1707 2439 1692.
1729 2386 1814 2437 8.*.
1875 2373 2132 2438 SYLVLQA
2160 2385 2203 2431 δε

142 2450 478 2497 CARTESIANA
507 2449 728 2509 principia
751 2450 1018 2510 plerumque
1049 2447 1281 2509 sequitur,
1314 2452 1356 2497 &
1385 2451 1465 2496 vix
1498 2448 1746 2509 quidquam
1771 2448 1942 2508 proprii
1963 2447 2113 2495 habet.

269 2548 455 2593 Antonii
490 2545 690 2592 FELICIS
712 2579 724 2599 ‚
770 2545 886 2593 Abb.
917 2547 1206 2599 MARSJGm,
1250 2546 1386 2595 relaz.
1425 2546 1495 2592 del
1528 2550 1842 2592 ritrovamento
1884 2544 1968 2591 dell
2001 2560 2114 2591 nova
2155 2541 2202 2588 di

144 2607 372 2659 Chiocciole
414 2611 605 2669 Bologn.
647 2615 782 2665 1683.
821 2621 891 2657 12.
929 2608 1019 2657 five
1049 2609 1101 2656 de
1137 2615 1230 2657 ovis
1263 2609 1526 2657 cochlearum
1562 2609 1726 2671 eptstola
1764 2608 1824 2655 ad
1865 2613 1936 2655 M.
1973 2610 2200 2655 MALPIG·

139 2688 277 2721 mum
328 2674 445 2735 Aug.
476 2673 617 2720 Vind.
657 2679 791 2731 1684.
831 2671 924 2727 8.*.
1015 2675 1190 2721 Contra
1223 2673 1522 2723 BONANNUM
1565 2674 1752 2733 ejusque
1798 2689 1879 2733 pro
1907 2671 2200 2732 generatione

138 2740 370 2798 aequivoea
395 2749 677 2798 argumenta.
749 2739 855 2784 Ova
873 2737 1158 2784 cochlearum
1176 2736 1413 2792 describit,
1442 2741 1483 2785 &
1503 2736 1664 2784 sensim
1691 2737 1746 2783 de
1767 2737 1822 2783 iis
1846 2735 2074 2796 prodeuns
2094 2749 2200 2780 cum

137 2817 245 2848 vera
281 2801 391 2848 testa
413 2802 596 2849 animal.
665 2800 862 2863 Adjecstae
892 2800 1000 2849 sunt
1024 2803 1186 2863 ah'quae
1211 2803 1458 2850 HARDERI
1489 2804 1532 2849 &
1558 2803 1873 2851 SCHROECKII
1904 2797 2114 2859 epistolae.

275 2900 448 2949 Gerard
475 2900 692 2951 AUDRAN
720 2901 777 2948 les
796 2906 1076 2966 proportions
1113 2901 1173 2949 du
1209 2915 1331 2965 corps
1354 2900 1527 2949 humain
1552 2901 1752 2962 meficre‘es
1772 2898 1853 2958 sur
1875 2897 1934 2944 les
1960 2898 2057 2959 plus·
2080 2897 2199 2944 belles

126 2967 293 3030 figures
319 2963 372 3012 de
396 2966 643 3028 l’untiquite'
670 2967 792 3016 Paris
821 2973 955 3025 1683.
982 2965 1062 3016 fol.
1100 2963 1149 3016 Β.
1169 2967 1231 3080 B'i*
1298 2967 1568 3014 Germanice
1584 2986 1599 3020 3
1634 2966 1703 3013 des
1726 2960 2022 3024 menschlichen
2053 2961 2199 3075 Lssbes

1252 3041 1272 3079 t
1300 3042 1320 3078 t
1343 3043 1362 3078 t
1400 3042 1423 3087 3
2127 3042 2198 3075 νο-
