2556 3442
729 136 775 198 §-
807 140 917 198 635.
951 143 1060 199 637·
1127 122 1307 188 Gon.
1354 138 1666 195 BI'DLOO.
2135 154 2224 202 ⁶93:

297 269 469 330 EJUSD.
526 267 729 318 Vindia-iae
759 269 1046 331 quarumdam
1084 268 1412 316 delineationum
1453 278 1792 321 anatomicammz
1815 309 1825 328 ,
1875 286 2025 322 contra
2069 277 2236 334 inepta?

165 332 552 390 animadversiones
582 337 651 380 Fr.
679 334 933 388 Rurscuu
970 333 1119 381 Leidae
1153 339 1284 391 1697.
1322 333 1404 391 4.*
1470 334 1761 385 Rnyscnms
1792 340 1953 385 melior
1996 350 2092 385 erat
2118 338 2232 384 inci„

167 397 273 451 sor,
314 397 490 444 doc‘tior
511 399 754 445 BIDLOUS.
825 398 944 444 Cum
966 413 1075 443 vero
1100 397 1175 442 ille
1211 397 1398 457 quidem
1435 396 1755 446 Amstelodami
1787 400 1983 449 scholam
2012 399 2231 449 studioso-

158 479 272 510 ·tum
300 473 533 508 anatomes
565 457 800 519 aperuiffet
819 493 832 512 ,
863 461 1154 506 aemulatione
1189 473 1345 508 motus
1369 460 1583 514 curabat,
1620 473 1700 507 aut
1729 476 1844 510 certe
1879 465 2138 519 adnuebat,
2174 477 2227 512 ut

167 527 360 588 juvenes
383 525 436 571 de
458 524 686 570 erroribus
715 522 943 582 aliqui-bus
967 524 1148 571 BIDLOI
1179 524 1384 584 epistolas
1410 524 1466 571 ad
1502 524 1763 586 magistrum
1792 527 1975 582 darent,
2023 529 2080 575 ad
2117 545 2227 589 quas

167 590 245 637 ille
273 590 337 636 ita
359 586 657 648 respondebat
675 619 687 639 ‚
724 599 779 633 ut
796 587 992 634 BmLoo
1021 603 1120 632 non
1141 600 1371 646 parceretj
1419 588 1482 635 ita
1504 589 1730 648 pleraeque
1755 589 2001 638 RuYscmr
2030 593 2226 653 epistolae

167 665 300 707 natae
315 651 436 698 sunt.
505 652 729 697 BIDLOUS
756 662 810 697 ut
835 661 1013 712 poterat
1041 649 1085 696 se
1112 649 1369 705 excusabat,
1403 650 1685 712 potiffimum
1712 652 1898 712 quidem
1921 653 2025 701 usus
2050 657 2231 703 ratioet-2

92 727 109 731 “
166 716 448 763 nationibus.
518 713 660 760 Addit
687 725 840 760 tamen
871 716 1023 774 aliqua
1047 715 1182 761 etiam
1209 717 1477 774 peculiaria,
1513 718 1556 762 &
1575 733 1676 776 quae
1704 718 1754 762 in
1776 731 1942 776 magno
1974 733 2106 776 opere
2133 735 2222 764 nnn

167 780 370 832 exstant,
404 789 460 824 ut
488 778 669 823 iconem
695 778 826 825 lienis
855 777 1048 825 humani
1073 794 1177 825 cum
1200 777 1292 826 suis
1315 778 1454 833 vafis,
1492 781 1629 827 etiam
1650 778 1955 841 lymphaticis.
2024 779 2218 841 Respon-

168 843 246 891 det
277 855 429 890 autem
454 840 512 887 ad
531 842 782 889 RUYSCHu
807 843 980 902 priores
1011 858 1181 888 novem
1215 842 1439 904 epistolas.

295 926 473 986 EJUSD.
509 921 562 968 de
585 923 850 970 animalculis
881 921 1038 986 hepatis
1070 924 1189 970 ovilli
1219 925 1388 986 epistola
1416 925 1477 973 ad
1504 928 1563 973 A.
1591 943 1636 974 v.
1668 927 2099 975 LEEUWENHOECK
2129 942 2231 987 prm

167 988 255 1036 diit
282 988 407 1035 Leid.
438 993 572 1044 1697.
599 990 693 1045 4.*,
728 987 780 1034 in
811 1004 900 1048 qua
929 989 1078 1040 oculi,
1114 985 1243 1040 vasa,
1281 1005 1358 1042 οε,
1398 989 1636 1044 intestina,
1673 991 1828 1037 ovaria
1855 989 2024 1037 horum
2043 991 2233 1036 animalu

167 1054 378 1100 culorum
406 1049 736 1097 describuntur.
805 1051 1008 1111 Belgice,
1047 1051 1178 1111 Bries
1196 1069 1280 1098 aan
1307 1053 1750 1102 LEEUWENHOECK
1773 1071 1877 1102 over
1905 1054 1958 1101 de
1982 1055 2128 1101 (lieren
2161 1055 2230 1101 die

167 1133 269 1165 man
292 1121 336 1163 in
361 1117 407 1162 ’t
433 1115 552 1161 lever
585 1114 663 1161 der
689 1112 905 1177 Schaapen
937 1115 1061 1161 vind‘
1082 1113 1212 1161 Delft
1229 1121 1365 1171 1698.
1383 1129 1428 1175 4.
1466 1118 1714 1166 GRONOV.

297 1198 474 1259 EJUSD.
518 1195 762 1244 Guilielmus
784 1196 1016 1244 COWPER
1047 1200 1197 1243 citatus
1214 1213 1359 1244 coram
1387 1196 1586 1245 tribunal
1616 1200 1740 1247 Leid.
1760 1211 1897 1258 1700.
1914 1197 1998 1259 4*
2051 1199 2228 1263 Just-am

166 1263 399 1324 querelam
443 1271 604 1307 contra
632 1260 936 1308 COWPERUM
969 1272 1128 1306 movet
1147 1295 1160 1313 ‚
1198 1261 1277 1320 qui
1309 1261 1662 1322 bibliopolarum
1696 1266 1822 1311 lucro
1845 1264 2027 1311 studens
2058 1277 2221 1311 trecen‘

165 1338 234 1373 tas
258 1325 434 1373 tabulas
463 1325 610 1385 operis
632 1324 928 1379 BIDLOIANJ,
966 1341 992 1371 a
1019 1325 1166 1385 Belgis
1195 1336 1362 1379 emtas,
1411 1324 1568 1372 omisso
1599 1328 1779 1375 BIDLOI
1817 1344 1978 1388 opere,
2028 1345 2111 1389 pro
2142 1327 2226 1375 suo

167 1389 396 1442 ediderat,
449 1386 706 1435 sermonem
737 1390 924 1438 BIDLor
956 1389 1080 1436 varie
1109 1399 1391 1442 mutaverat,
1437 1391 1762 1450 explicationes
1803 1393 2062 1440 tabularum
2092 1393 2228 1439 etiam

167 1455 276 1502 alias
304 1452 501 1499 dederat.
570 1453 641 1498 De
672 1451 900 1512 glandulis
933 1454 976 1499 &
1006 1451 1335 1499 secretionibus
1358 1453 1509 1513 aliqua
1536 1454 1690 1509 addit,
1730 1458 1772 1502 ἃ
1798 1457 1852 1503 de
1883 1455 1994 1505 valis
2022 1454 2227 1517 lympha,

167 1513 268 1566 ticis
291 1516 526 1579 glandulas
554 1514 849 1576 conglobatas
882 1528 963 1564 aut
989 1515 1264 1563 adeuntibus
1281 1550 1294 1570 ,
1331 1529 1410 1564 aut
1431 1519 1792 1577 penetrantibus.

297 1600 373 1662 EJ.
407 1598 668 1657 Positionum
695 1602 932 1646 anatomico
961 1595 1303 1659 chirurgicarum
1331 1615 1434 1659 pars
1471 1612 1633 1660 quarta
1660 1600 1781 1661 apud
1808 1618 1878 1649 me
1906 1601 1994 1656 est,
2029 1600 2227 1663 disputa·-

167 1664 251 1718 tio,
284 1663 434 1711 Leidae
459 1669 595 1720 1698.
620 1663 717 1721 4.*,
750 1661 991 1723 propofita.
1059 1663 1170 1708 Haec
1195 1660 1446 1709 theoretica
1471 1663 1549 1717 est,
1587 1667 1629 1712 &
1653 1666 1828 1712 arteriae
1847 1665 2129 1720 divisionem,
2158 1683 2227 1713 ra-

166 1726 355 1788 mosque
386 1730 427 1775 &
454 1727 652 1786 denique
678 1724 891 1786 pulposos
917 1725 1033 1773 fines
1063 1725 1260 1773 exhibet.
1346 1727 1459 1774 Tres
1487 1727 1660 1788 priores
1689 1729 1862 1777 exstant
1883 1732 1936 1778 in
1967 1729 2222 1792 opusculis.

166 1790 314 1840 theses
345 1807 507 1853 nempe
531 1788 876 1852 phyfiologicae,
909 1792 951 1839 ἃ
979 1788 1215 1853 sanguinis
1245 1791 1297 1839 in
1326 1790 1489 1839 tubulo
1513 1792 1662 1842 vitreo
1694 1792 1920 1857 conspecti
1951 1796 2141 1858 globuli.

293 1877 364 1921 De
388 1875 554 1922 venenis
587 1873 712 1922 Leid.
733 1887 868 1936 1704.
889 1886 935 1937 4.

293 1956 474 2003 Deinde
503 1957 775 2018 prodierunt
810 1959 960 2005 Leidae
988 1965 1122 2017 1708.
1137 1955 1223 2018 4*
1271 1963 1643 2009 Exercitationum
1680 1958 2226 2022 anatomico-chirurgica«,

163 2037 263 2070 rum
293 2021 486 2068 Decades
508 2021 621 2075 duae,
657 2022 862 2081 repetitae
890 2024 942 2069 in
974 2023 1264 2084 opusculorum
1300 2026 1500 2072 editione
1535 2027 1659 2072 Leid.
1687 2038 1821 2084 1715.
1854 2027 1934 2083 431
1997 2025 2051 2070 In
2082 2025 2234 2084 prima·

164 2085 346 2133 Decade
367 2086 549 2146 propria
562 2084 670 2132 sunt
682 2084 738 2131 de
752 2087 904 2134 nervis
925 2088 1249 2147 experimenta,
1268 2089 1383 2136 circa
1397 2106 1503 2136 ann.
1524 2097 1658 2145 1695.
1688 2088 1815 2136 faeta.
1864 2090 2046 2136 Nervos
2061 2089 2225 2149 ligatos

164 2150 319 2210 potius
342 2147 462 2195 infra
484 2149 725 2196 vinculum
752 2150 1039 2204 intumuisse,
1075 2149 1261 2198 succum
1295 2153 1349 2199 de
1381 2156 1533 2200 nervis
1565 2153 1782 2200 effluxiffc
1804 2154 2012 2206 nullum,
2050 2150 2139 2199 five
2161 2150 2226 2198 se-

164 2227 288 2259 cares
309 2246 322 2266 ,
355 2210 445 2259 five
469 2229 812 2273 compungeres.
879 2215 1050 2274 Ligatis
1068 2217 1220 2263 nervis
1234 2218 1285 2262 in
1305 2233 1415 2263 cane
1439 2234 1727 2278 gangraenam
1749 2214 2064 2278 superveniffe,
2100 2216 2225 2276 quod

165 2277 301 2330 etiam
334 2274 426 2336 ipse
457 2274 556 2322 sum
592 2288 838 2336 expertus3
893 2293 1041 2337 neque
1077 2279 1189 2325 adeo
1228 2279 1466 2328 tubulosos
1502 2281 1583 2327 else
1621 2298 1814 2334 nervos,
1849 2297 1998 2341 neque
2039 2279 2224 2341 spiritus

163 2340 378 2386 animales
396 2338 514 2400 poffe
542 2339 851 2386 demonstrari.
920 2341 1031 2387 Haec
1055 2342 1105 2387 in
1131 2343 1274 2402 prima
1293 2346 1632 2391 exercitatione.
1700 2346 1755 2391 In
1781 2346 1919 2391 altera
1939 2346 2050 2390 anni
2073 2357 2221 2402 1704,

163 2404 334 2472 cerebri
347 2405 399 2451 in
413 2402 511 2450 fetu
525 2401 626 2449 sede
639 2404 754 2449 moti
773 2406 813 2449 ἃς
836 2404 958 2450 inter
980 2405 1164 2465 occiput
1187 2408 1468 2469 primamque
1481 2410 1733 2455 vertebram
1751 2409 1930 2456 latentis
1950 2410 2222 2468 exemplum.

296 2486 353 2531 In
384 2484 556 2532 Decade
581 2486 716 2531 etiarn
734 2490 883 2546 prima
907 2485 1016 2532 Diff.
1046 2486 1100 2533 de
1126 2487 1421 2547 hydatidibus
1444 2488 1661 2536 hacteuus
1692 2489 1781 2537 huc
1805 2488 1939 2543 facit,
1987 2506 2097 2550 quas
2123 2490 2223 2549 plu-

161 2547 307 2597 sculas
334 2549 412 2595 dat
444 2548 671 2608 depictaS,
723 2552 766 2595 δε
797 2550 854 2596 ab
883 2550 1121 2598 obstrudtis
1152 2549 1265 2599 vafis
1302 2552 1588 2613 lymphaticis
1624 2554 1812 2601 derivat.
1880 2555 1937 2601 Et
1964 2556 2011 2599 in
2033 2551 2220 2610 secunda

164 2612 221 2659 de
255 2630 398 2660 nervo
433 2610 673 2660 olfaetorio
703 2614 746 2660 &
775 2612 862 2661 offe
895 2613 1121 2670 cribroso,
1155 2614 1270 2664 nafis
1300 2618 1342 2664 &
1371 2618 1548 2665 enormi
1580 2617 1634 2664 de
1666 2619 1852 2667 naribus
1878 2617 2143 2680 profluentis
2169 2615 2222 2662 li-

164 2676 295 2738 quidi
323 2677 466 2738 copia.
1661 2679 1665 2683 ’

294 2760 348 2806 In
375 2759 669 2814 collectione,
700 2776 803 2820 quae
835 2761 984 2809 Leidae
1013 2778 1120 2810 ann.
1142 2775 1280 2822 1715.
1306 2762 1390 2824 4*
1426 2783 1529 2814 eum
1558 2766 1697 2814 titulo
1723 2766 1889 2827 prodiit
1925 2776 2053 2825 opera
2078 2766 2219 2809 omnia

164 2825 418 2870 Anatomico
451 2822 701 2887 Chirurgica
725 2824 842 2871 edita
875 2824 934 2881 ἓξ
964 2826 1127 2873 inedita
1153 2847 1166 2872 .·
1212 2828 1308 2874 haee
1340 2830 1489 2889 priora
1528 2843 1688 2891 praeter
1727 2844 1934 2888 magnam
1977 2839 2220 2872 anatomen

166 2886 361 2934 redeunt
380 2920 393 2940 ,
435 2889 478 2934 Sc
503 2901 718 2948 praeterea
743 2889 1056 2949 observationes
1075 2888 1271 2952 physico·
1286 2898 1530 2941 anatomicae
1564 2895 1615 2941 de
1641 2895 1766 2941 oculis
1792 2891 1850 2948 ἓξ
1874 2890 1968 2949 vzfu
1993 2896 2221 2936 variorum

166 2950 442 3004 animalium,
488 2953 702 3000 ultimum
736 2970 850 3015 opus
887 2954 1084 3001 auctoris
1120 2958 1161 3002 sc
1200 2955 1519 3017 posthumum,
1564 2975 1668 3006 cum
1696 2973 1815 3003 anno
1844 2966 1980 3014 1713,
2020 2953 2220 3008 obiifl'et,

167 3024 322 3064 tamen
358 3026 414 3064 ut
450 3027 602 3079 totum
641 3029 749 3067 ante
778 3018 876 3080 ejus
915 3031 1108 3068 mortem
1130 3020 1197 3133 Sde
1225 3023 1351 3081 prelo
1378 3023 1614 3083 prodierit.
1682 3021 1838 3082 Talpee
1868 3015 2222 3129 minutiffinium

1176 3101 1196 3133 s
1230 3102 1250 3133 s
1270 3103 1290 3133 s
1328 3097 1352 3143 3
2036 3099 2121 3129 ocu
2146 3099 2222 3129 um
