2556 3442
644 108 680 199 §-
715 155 825 204 435.
854 150 966 204 436.
1035 157 1140 194 van
1173 143 1562 192 HELMONT.
1627 147 1865 199 VARII.
1985 142 1994 147 ’
2180 146 2278 214 46¹7

226 271 392 318 minini
410 268 544 319 sexus
568 287 625 319 ex
650 270 849 321 maribus
874 271 966 320 suis
985 288 1063 333 per
1089 270 1301 319 somnum
1329 281 1434 316 nata
1461 269 1556 316 effe.
1601 272 1764 321 ,Evam
1793 288 1927 334 caput
1957 275 2038 323 effe
2063 279 2274 326 omnium

226 335 507 388 animalium,
541 338 583 383 &
598 336 648 382 in
659 335 702 383 se
721 338 814 384 vim
826 334 1096 383 continuisse
1111 336 1320 380 omnium
1333 345 1598 388 maternam,
1635 348 1688 382 ut
1703 338 1937 386 ADAMUM
1956 353 2205 401 paternam.

355 416 498 465 Patris
525 415 596 466 sui
619 433 755 479 opera
776 432 898 463 anno
931 421 1067 474 1644.
1096 414 1297 462 ediderat
1326 432 1369 476 p.
1388 421 1500 474 418.

839 547 886 606 ς.
924 512 1408 599 CCCCXXXVI.
1518 555 1653 601 Varii.

359 649 574 700 Guilielmi
593 648 900 695 CAVENDISH
916 681 928 701 ,
952 646 1238 694 Marchionis
1254 648 1304 694 in
1323 648 1641 696 NEWCASTLE
1658 649 1747 696 viri
1760 646 1924 696 summi
1937 683 1948 703 ,
1985 667 2009 697 a
2015 655 2191 712 general
2202 655 2273 715 sy-

211 716 315 777 stem
351 715 404 776 of
430 709 731 772 horsemanship
760 715 806 756 in
837 711 895 756 all
918 715 974 757 its
996 710 1198 758 hranches
1223 710 1316 767 &a
1346 712 1542 759 London
1566 720 1701 771 1657.
1720 711 1799 760 fol.
1846 726 1980 772 1743.
2016 714 2094 761 fol.
2163 718 2274 763 Ger-

221 779 397 824 manice
422 775 499 822 der
528 775 824 822 vollkommene
859 777 1061 821 Bereuter
1104 776 1356 837 N'urnberg
1378 789 1510 834 1700.
1544 774 1624 823 fol.
1667 783 1802 836 1764.
1831 775 1910 823 fol.
1981 779 2150 825 Gallice
2178 784 2275 825 Me-

221 841 346 888 thode
368 837 428 894 &³
445 842 665 885 invention
691 837 744 884 de
755 838 912 899 dreſjer
931 839 988 884 les
1009 837 1202 900 chevaux
1236 841 1411 886 Anvers
1431 847 1485 900 1-6
1492 847 1563 898 58.
1585 838 1665 886 fol.
1704 841 1849 887 Lond.
1873 852 2007 900 1737.
2038 840 2116 888 fol.
2153 839 2275 890 Paris

226 915 360 962 1743.
388 901 468 948 fol.
538 903 720 949 Suecice
741 900 982 949 Stokholm
1006 914 1140 960 1752.
1164 909 1205 956 8.
1275 904 1330 949 In
1354 904 1410 950 T.
1436 903 1494 950 II.
1522 904 1747 951 direciions
1760 905 1840 965 for
1863 903 1932 950 the
1960 904 2093 952 choice
2116 905 2169 966 of
2169 907 2276 967 stal-

220 968 327 1014 lions
353 966 442 1014 and
462 982 621 1019 mares,
648 966 729 1026 for
756 969 953 1026 weaning
981 966 1071 1012 and
1092 970 1322 1027 managing
1349 966 1546 1027 offoals,
1574 967 1737 1029 perfeci
1759 967 2001 1030 knowledge
2030 969 2083 1031 of
2105 967 2242 1028 horses
2258 1005 2272 1023 ,

218 1031 419 1093 osteology
448 1029 536 1076 and
564 1030 758 1090 myology
788 1029 842 1090 of
853 1046 879 1074 a
900 1026 1028 1088 horse.
1099 1028 1207 1076 Offa
1228 1029 1333 1089 equi
1347 1029 1527 1076 barbari
1547 1033 1625 1076 vix
1640 1047 1747 1077 cava
1773 1030 1869 1084 effe,
1902 1030 2050 1079 frifico
2071 1036 2275 1095 amplum

219 1093 300 1141 effe
332 1095 383 1140 in
406 1091 492 1140 offe
518 1093 764 1140 tubulum:
799 1093 930 1139 illum
955 1091 1180 1140 senescere
1206 1093 1382 1140 viribus
1399 1094 1606 1155 integris,
1646 1093 1770 1141 hune
1794 1093 1956 1142 sensim
1973 1095 2160 1144 deficere
2187 1099 2272 1144 διο.

350 1173 569 1222 Lamberti
592 1175 937 1222 VELTHUYSEN
959 1174 1162 1220 traiciatur
1184 1173 1267 1220 duo
1294 1173 1669 1236 medico-physici,
1711 1194 1812 1223 unm
1839 1177 1891 1222 de
1921 1178 2049 1231 liene,
2085 1179 2198 1226 alter
2221 1179 2275 1225 de

210 1244 484 1301 generatione
528 1239 762 1299 Ultrajeeh
790 1244 924 1296 1657.
959 1235 1087 1290 12.*.
1155 1238 1541 1292 CARTEslANUS,
1587 1241 1638 1286 in
1672 1239 1933 1300 praefatione
1968 1243 2117 1304 litigat
2161 1259 2272 1291 cum

217 1303 446 1364 theologis
487 1302 679 1350 Gisberto
708 1303 919 1351 VOETIO
951 1303 992 1348 &
1023 1301 1084 1348 du
1113 1302 1249 1352 BOIS.
1336 1303 1392 1349 In
1429 1303 1547 1349 liene
1587 1304 1687 1350 vult
1714 1302 1979 1364 sanguinem
2017 1306 2067 1352 in
2104 1306 2272 1353 statum

216 1365 405 1413 fusionis
437 1368 480 1413 ἃ
505 1366 755 1413 velocitatis
781 1363 938 1418 evehi,
976 1363 1085 1412 hinc
1110 1366 1243 1412 etiam
1269 1365 1325 1412 ad
1345 1382 1563 1413 venereos
1587 1366 1792 1414 stimulos
1818 1366 1975 1415 facere.
2044 1370 2099 1415 In
2129 1372 2272 1416 altero

216 1430 369 1477 libello
381 1431 562 1477 HARVE
565 1444 586 1490 J
593 1444 610 1476 1
625 1429 944 1476 adnotationes
957 1428 1154 1490 decerpit
1168 1463 1181 1482 ,
1217 1428 1498 1491 suorumque
1519 1431 1765 1478 verborum
1784 1432 1909 1479 addit
1927 1433 2269 1481 abundantiam.

348 1504 488 1574 Opera
512 1516 654 1559 omnia
676 1512 814 1558 latine
840 1510 1111 1572 prodierunt
1144 1511 1441 1558 Roterodami
1466 1517 1601 1566 1680.
1621 1525 1666 1572 4.

345 1592 590 1642 Barchardi
616 1594 959 1641 WlTTEBERG
992 1591 1102 1639 Diss.
1126 1605 1243 1654 pour
1272 1593 1434 1641 donner
1462 1596 1488 1640 ci
1518 1599 1735 1643 connoitre
1767 1595 1810 1643 la
1839 1597 2029 1656 nouveHe
2061 1596 2271 1660 dzffiezion

205 1659 311 1720 sans
334 1658 502 1719 effufion
528 1656 580 1703 de
594 1657 704 1720 sang
729 1658 905 1719 Brugge
923 1662 1057 1716 1657.
1078 1655 1160 1716 4*
1197 1674 1279 1718 pro
1303 1659 1493 1706 BILSIO.

343 1743 599 1799 Hieronymi
624 1740 798 1787 Occffl
829 1739 880 1786 de
894 1738 1084 1801 febribus
1110 1737 1169 1796 &9⁹
1187 1737 1424 1787 humoribus
1459 1740 1625 1788 Venet.
1650 1746 1786 1800 1657.
1808 1754 1856 1802 4.

347 1821 492 1870 Caroli
509 1822 672 1869 Pam<
695 1821 957 1870 Gumoms
976 1822 1026 1869 F.
1049 1819 1328 1882 potiffimum
1355 1823 1407 1868 in
1423 1823 1773 1883 antiquitatibus
1800 1824 1882 1872 fibi
1906 1827 2123 1888 placentis
2142 1825 2269 1888 Dif'p.

211 1890 610 2009 {lenseiiggwssnigclz
631 1886 862 2010 rggizossalis
874 1885 946 1945 fiii
973 1885 1177 1934 domicilii
1200 1884 1458 1940 architem,
1487 1885 1789 1948 respondente
1821 1890 2007 1938 Fabiano
2030 1891 2269 1939 PERREAU

248 1966 312 1998 ari
335 1986 344 1997 .
497 1986 508 1996 .
608 1985 618 1995 .
735 1986 745 1996 .
784 1985 798 1996 .

341 2032 419 2093 EJ.
461 2036 624 2081 Vanam
649 2029 722 2093 effi*
750 2032 1044 2095 astrologiam,
1081 2031 1242 2080 medico
1261 2033 1395 2095 plane
1422 2033 1642 2096 indignam
1675 2034 1985 2090 Patav.1581.
2010 2048 2056 2094 4.
2084 2037 2237 2086 LIND.

341 2113 417 2174 EJ.
461 2111 743 2161 Theoremata
760 2111 923 2176 phyfico
936 2114 1121 2162 -medica
1140 2114 1193 2162 de
1214 2119 1311 2162 vita
1335 2113 1395 2171 59⁹
1410 2128 1547 2163 morte
1579 2117 1689 2163 ibid.
1717 2124 1852 2175 1685.
1873 2129 1920 2176 4.

342 2195 419 2257 EJ.
453 2195 558 2241 Idea
585 2199 736 2257 capitis
760 2194 933 2242 humani
955 2197 1123 2243 Oratio
1153 2195 1309 2244 habita
1330 2198 1380 2243 in
1401 2196 1655 2259 archilyceo
1679 2200 1896 2260 patavino
1925 2210 1965 2257 5.
1981 2199 2106 2248 Nov.
2127 2204 2264 2256 1686.

211 2258 364 2307 Patav.
393 2274 446 2305 eo
474 2274 597 2305 anno
620 2257 702 2318 4.*
735 2260 853 2306 edita
872 2293 886 2314 ,
921 2258 1040 2307 nihil
1063 2259 1202 2308 habet
1224 2263 1354 2308 utile.

337 2341 414 2401 EJ.
455 2340 782 2388 circulationem
793 2340 1013 2403 sanguinis
1036 2342 1243 2389 veteribus
1271 2355 1416 2390 notam
1430 2341 1558 2406 fuiſj}
1591 2345 1896 2401 Patav.1685'.
1918 2356 1964 2404 4.

337 2422 394 2468 In
414 2422 464 2468 E.
485 2423 546 2469 N.
573 2422 625 2468 C.
656 2425 760 2468 Dec.
790 2422 853 2468 X.
891 2440 991 2469 arm.
1026 2436 1096 2469 10.
1124 2422 1336 2471 describit
1353 2425 1609 2473 monstrum
1631 2426 1781 2487 biceps
1801 2461 1814 2480 ,
1857 2426 2098 2489 duplicatis
2126 2428 2265 2478 visce-

207 2484 348 2540 ribus,
372 2485 598 2533 intestinis
624 2486 674 2531 in
696 2501 844 2532 unum
869 2484 1236 2534 coalescentibus.

337 2568 507 2615 Samuel
523 2568 756 2614 PURCHAS
780 2566 840 2613 V.
855 2568 914 2613 D.
936 2568 1003 2613 M.
1026 2565 1195 2615 theatra·
1213 2570 1267 2632 of
1278 2571 1478 2632 political
1497 2571 1639 2634 flying
1662 2572 1804 2631 inse&
1823 2607 1835 2627 ,
1874 2570 1944 2620 the
1964 2577 2041 2622 Bee
2065 2575 2262 2623 London

213 2638 348 2690 1657.
365 2630 461 2691 4.*.
529 2630 762 2691 Nuperior
791 2631 941 2678 Carolo
964 2632 1193 2686 BUTLER,
1233 2650 1381 2694 neque
1415 2636 1629 2683 indocilis
1651 2635 1807 2684 homo,
1883 2638 2115 2686 Feminam
2151 2637 2255 2698 esse,

210 2712 310 2755 quae
342 2696 443 2742 Rex
470 2695 734 2741 dicebatur:
781 2711 910 2741 veras
940 2706 1093 2741 tamen
1120 2694 1311 2744 seminas
1343 2696 1452 2746 facit
1486 2715 1590 2759 apes
1629 2702 1880 2761 operarias,
1928 2719 2029 2762 quae
2067 2719 2090 2748 a
2113 2700 2254 2753 fucis,

209 2771 263 2804 ut
287 2760 510 2812 maribus,
546 2759 920 2819 impraegnentur.
988 2760 1139 2806 Multa
1167 2760 1222 2808 de
1252 2763 1459 2809 moribus
1483 2766 1692 2811 animalis
1711 2800 1722 2818 ,
1763 2764 1982 2812 consensu
2014 2766 2178 2825 reginae
2199 2764 2256 2809 ad

210 2822 511 2869 emittendum
535 2838 724 2869 examen
746 2858 758 2876 ‚
795 2839 903 2869 nece
927 2823 1124 2883 junioris
1149 2827 1317 2887 reginae
1342 2827 1528 2888 quando
1555 2829 1712 2890 regina
1737 2842 1880 2877 mater
1917 2843 2102 2876 examen
2130 2844 2255 2874 recu-

207 2882 275 2932 sat
297 2886 545 2940 dimittere,
577 2903 712 2934 voces
734 2887 930 2948 petentis
958 2889 1000 2934 &
1023 2885 1196 2936 similia.

337 2968 581 3027 Raymundi
598 2970 957 3020 REsTAURAND
984 2969 1235 3022 monarchia
1257 2973 1517 3034 microcosmi
1550 2974 1684 3024 Paris.
1716 2981 1849 3035 1657.
1870 2986 1916 3031 4.
2297 3033 2303 3037 ,

1203 3054 1252 3102 Ν
1275 3070 1309 3104 n
1340 3071 1373 3103 n
1408 3066 1439 3106 2
2175 3053 2249 3116 EJ.
