2556 3442
915 105 963 166 §-
1002 119 1107 170 579.
1136 83 1139 87 .
1173 108 1217 171 J.
1253 105 1486 158 MERY.
2131 115 2237 170 645

73 271 99 276 --
172 250 242 286 tra
276 237 654 287 ADVERSARIUM
684 239 890 299 protulit.
949 240 1054 286 Cor
1083 235 1322 285 testudinis
1358 237 1401 283 &
1440 237 1657 285 terrestris
1693 239 1734 286 ἃ
1770 241 1956 288 marinae
1996 239 2132 287 aliter
2155 237 2230 285 de·-

170 299 368 362 scripsit,
400 320 534 363 quam
572 305 642 349 vel
671 305 963 350 DUVERNEY
992 305 1065 349 vel
1092 304 1346 349 BusstE.
1415 300 1527 346 Inde
1563 302 1616 346 de
1639 302 1859 350 foramine
1891 305 2010 365 oxsali
2040 306 2229 366 ejusque

170 368 356 413 valvula
389 368 508 428 egit,
541 370 582 413 &
615 367 778 425 pariter
803 368 1176 413 DUVERNEYUM
1215 363 1465 415 refutavit3
1514 368 1698 424 negavit
1725 370 1952 415 valvulam
1995 367 2102 421 effe,
2153 366 2229 414 cui

169 429 219 475 id
245 447 414 477 nomen
438 431 695 476 tribuatur:
732 430 1039 474 ventriculum
1066 429 1295 474 sinistrum
1322 427 1563 474 contendit
1587 427 1727 487 duplo
1759 433 1982 479 minorem
2007 431 2087 478 else
2120 431 2229 477 dex-

170 504 243 540 tro
268 512 278 540 :
315 493 427 541 ursit
450 505 770 552 argumentum
800 491 938 551 hujus
965 490 1264 545 discriminis,
1301 495 1343 538 δι
1378 491 1568 537 minoris
1593 493 1644 536 in
1668 489 1765 538 fetu
1788 509 1950 549 aortae,
1989 507 2043 543 ut
2081 495 2229 542 osten-

171 559 323 613 deret,
372 575 398 605 a
431 556 616 604 finistris
653 555 709 601 ad
747 555 904 602 dextra
944 554 1212 617 sanguinem
1257 557 1349 610 ire,
1402 571 1501 602 non
1537 553 1744 603 viciffim.
1843 559 2055 607 Pulchrae
2103 559 2229 606 dedit

168 624 339 670 icones.

298 706 425 750 Anno
453 713 586 760 1704...
624 702 696 747 De
720 701 865 754 iride3
922 703 1069 749 nullas
1101 700 1266 748 habere
1294 700 1431 748 fibras
1456 705 1664 751 anulares
1693 706 1813 751 recle
1846 702 2056 750 ostendit.
2123 706 2231 753 Pro-5

170 767 434 815 ductionem
473 783 627 813 earum
671 765 893 816 fibrarum
943 783 1046 812 eum
1081 769 1209 825 penis
1253 768 1478 813 erectione
1514 780 1759 829 comparat.
1849 769 2228 827 Experimentum

168 830 268 879 felis
303 830 383 878 sub
419 847 535 890 aqua
569 828 749 883 mersae,
797 832 927 891 cujus
954 846 1146 875 nervum
1175 832 1377 888 opticum
1412 833 1454 877 &t
1484 832 1795 878 membranam
1832 831 2146 879 chorioideam
2178 848 2230 878 eo

166 897 217 942 in
237 894 325 943 fitu
350 894 607 955 conspicere
632 894 812 940 dicitur.
878 895 963 941 Pro
986 892 1246 940 cliorioidea
1268 913 1280 945 3
1327 893 1408 940 effe
1437 893 1583 941 sedem
1610 894 1813 944 visionis.

295 978 431 1027 IDEM
456 977 509 1023 de
524 992 681 1037 puero,
711 974 891 1022 cuisola
905 974 1018 1021 basis
1048 976 1189 1022 cranii
1211 974 1455 1036 supererat,
1485 976 1652 1037 absque
1673 977 1859 1024 cerebro
1881 988 1964 1024 aut
1992 977 2229 1025 cerebello.

223 1120 255 1169 h
298 1060 373 1164 Ins
386 1057 473 1120 hist.
497 1071 633 1117 1705.
665 1060 783 1105 recle
818 1057 1047 1111 ostendit,
1097 1056 1256 1104 duram
1295 1059 1465 1106 cerebri
1499 1059 1810 1106 membranam
1840 1060 2046 1122 undique
2075 1060 2231 1108 cranio

167 1123 221 1171 ad
257 1140 478 1170 aere-cere.

243 1208 410 1317 ffHist.
444 1209 578 1264 1706.
627 1205 683 1251 In
721 1216 854 1251 utero
883 1220 1115 1268 puerperae
1145 1205 1315 1266 aliqua.
1378 1202 1694 1254 Musculosum
1729 1204 1810 1254 effe
1839 1223 2005 1269 corpus
2038 1207 2158 1257 uteri
2187 1208 2229 1257 δε

167 1286 241 1318 era
280 1288 371 1317 um,

297 1355 459 1401 Ovum
492 1369 746 1415 praegnans.
2179 1384 2202 1391 s

294 1437 471 1483 Iterum.
498 1436 724 1499 glandulae
753 1435 804 1481 in
828 1432 988 1497 hepate
1010 1435 1202 1484 bubulo.

294 1519 351 1564 ln
380 1523 514 1564 Mem.
545 1519 625 1576 ejus
656 1523 772 1565 anni.
825 1518 1021 1566 Scelctos
1054 1517 1236 1566 feminae
1275 1517 1490 1567 omnibus
1520 1515 1720 1573 ostibus,
1759 1519 1801 1565 &
1830 1516 1924 1581 ipsa
1950 1515 2070 1566 dotfi
2102 1516 2230 1581 spina

164 1582 356 1631 mirifice
388 1584 612 1629 contortis
627 1617 639 1636 ‚
676 1596 730 1630 ut
755 1581 910 1629 misera
934 1584 990 1630 ad
1014 1600 1145 1630 nanae
1174 1584 1391 1631 staturam
1412 1584 1595 1631 rediret.

297 1670 429 1712 Mem.
458 1679 591 1723 1707.
630 1665 757 1712 Aeris
782 1665 833 1711 in
854 1667 1072 1725 pulmone
1104 1665 1284 1713 maffam
1314 1665 1516 1720 adsumi,
1552 1682 1630 1726 per
1660 1663 1876 1713 humores
1902 1682 2011 1713 vero
2050 1664 2229 1713 nostros

162 1738 312 1777 aerem
335 1729 596 1776 dissolutum
628 1729 779 1775 fluere.
848 1731 962 1777 Non
989 1747 1094 1791 ergo
1120 1747 1198 1791 per
1224 1730 1436 1778 sudorem
1466 1731 1589 1776 exire
1620 1738 1795 1783 aerem,
1836 1731 1916 1791 qui
1945 1747 2024 1791 per
2049 1733 2229 1791 pulmo-

162 1797 268 1842 nem
297 1807 501 1855 receptus
529 1793 606 1847 sit,
644 1792 718 1840 sed
748 1810 826 1854 per
853 1796 1118 1854 pulmonem
1144 1795 1356 1843 eumdem
1382 1796 1557 1843 iterum
1584 1795 1774 1856 expelli,
1810 1795 2046 1857 postquam
2068 1794 2230 1843 circui-

163 1871 264 1907 tum
287 1876 365 1920 per
387 1857 489 1905 vasa
510 1856 756 1919 sanguinea
777 1859 907 1906 obiit.

292 1941 410 1987 Ibid.
447 1957 552 1987 cum
582 1957 746 1988 cornea
775 1942 932 1988 tunica
958 1939 1088 1988 facile
1117 1940 1345 1995 sanescat,
1383 1943 1425 1988 &
1454 1957 1625 2002 aqueus
1649 1939 1819 1989 humor
1847 1939 2228 2005 repareturrsua-

162 2004 241 2053 det
260 2007 478 2053 MERYUS
495 2039 508 2059 ‚
539 2022 616 2065 per
640 2022 852 2052 corneam
884 2007 1089 2053 tunicam
1111 2009 1374 2054 cataractam
1406 2005 1656 2054 extrahere.

290 2088 488 2134 Uterum
511 2085 769 2134 musculum
795 2087 890 2134 effe.

295 2173 432 2214 Mem.
464 2176 599 2226 1708.
648 2170 821 2229 Utique
852 2169 1085 2232 sanguinis
1116 2172 1440 2218 commercium
1482 2168 1562 2218 effe
1596 2171 1719 2218 inter
1742 2183 1932 2218 matrem
1966 2172 2008 2218 ἃ
2036 2169 2182 2218 fetum
2209 2189 2224 2224 ;

162 2248 311 2293 neque
335 2244 542 2285 uterum,
585 2248 733 2293 neque
759 2235 1014 2294 placentam
1045 2237 1307 2283 membrana
1329 2237 1436 2298 tegi.
1504 2237 1538 2283 F
1542 2246 1665 2283 etum
1689 2252 1769 2297 per
1802 2237 1993 2283 vulnera
2025 2248 2227 2283 materna

160 2296 379 2359 sanguine
403 2294 648 2342 exhauriri.

292 2377 509 2425 Mena-de
542 2391 672 2435 1709.
716 2380 889 2426 Contra
916 2398 1108 2428 ovorum
1144 2381 1414 2442 dignitatem
1441 2383 1846 2431 STENONIANAM.
1915 2380 2108 2443 objecit
2138 2396 2224 2428 ova

161 2442 398 2496 Nabothi‚
435 2444 478 2489 ἃ
501 2440 740 2503 hydatides
765 2445 820 2490 iis
857 2444 1061 2492 vesiculis
1086 2444 1349 2492 simillimas.

293 2525 362 2572 Ib.
396 2525 534 2571 Fetus
565 2524 803 2571 monstrosi
834 2526 1108 2588 descripti03
1148 2529 1330 2588 cyclops
1354 2540 1449 2574 erat
1469 2562 1482 2581 ‚
1520 2545 1598 2576 ore
1628 2529 1904 2589 naribusque
1920 2525 2092 2575 clausis.

285 2607 424 2655 IDEM
461 2605 558 2654 fuse
598 2607 653 2654 de
689 2606 775 2654 offe
810 2607 979 2669 hyoide
1010 2611 1052 2657 &
1085 2610 1242 2672 lingua
1274 2610 1378 2671 pici.
1446 2611 1675 2660 BORELLI
1701 2613 1745 2658 &
1769 2611 2029 2659 PERRALTI
2062 2603 2222 2654 descri-

156 2671 338 2734 ptiones
364 2672 562 2733 corrigit.

287 2758 423 2801 Mem.
456 2754 508 2800 de
536 2765 670 2812 1710.
710 2753 764 2800 de
801 2755 969 2816 mytuli
999 2769 1227 2804 anatome.
1310 2755 1497 2804 Cerebri
1524 2755 1689 2805 habere
1717 2759 1910 2818 aliquam
1941 2755 2219 2815 imaginem:

159 2834 266 2871 cor,
301 2817 376 2864 sed
402 2818 568 2879 absque
592 2819 723 2866 venis
747 2833 827 2866 aut
855 2821 1057 2867 arteriis:
1094 2837 1255 2881 aquam
1278 2837 1358 2882 per
1381 2822 1618 2882 proprium
1649 2824 1848 2870 canalem
1872 2820 1921 2865 in
1944 2834 2024 2865 cor
2045 2820 2218 2871 venire,

159 2898 389 2943 nusquam
413 2884 552 2931 exire.
617 2884 796 2930 Habere
827 2896 1075 2947 utrumque
1098 2883 1283 2940 sexum,
1319 2888 1363 2933 ὃς
1392 2884 1587 2948 seipsum
1603 2885 1858 2936 fecundare.
1928 2882 2110 2932 Testam
2129 2882 2217 2929 uti-

158 2964 249 3010 que
275 2958 450 3009 partem
479 2945 562 2997 effe
589 2944 660 2996 sui
689 2948 911 2999 animalis-

1171 3033 1287 3088 Mm
1312 3050 1424 3084 mm
1460 3046 1484 3092 3
2081 3028 2218 3078 IDEM
