<?xml version="1.0" encoding="UTF-8"?>
<!DOCTYPE html PUBLIC "-//W3C//DTD XHTML 1.0 Transitional//EN"
    "http://www.w3.org/TR/xhtml1/DTD/xhtml1-transitional.dtd">
<html xmlns="http://www.w3.org/1999/xhtml" xml:lang="en" lang="en">
 <head>
  <title>
</title>
<meta http-equiv="Content-Type" content="text/html;charset=utf-8" />
  <meta name='ocr-system' content='tesseract 3.04.00' />
  <meta name='ocr-capabilities' content='ocr_page ocr_carea ocr_par ocr_line ocrx_word'/>
</head>
<body>
  <div class='ocr_page' id='page_1' title='image "bibliothecaanato01hall_0370.png"; bbox 0 0 2556 3442; ppageno 0'>
   <div class='ocr_carea' id='block_1_1' title="bbox 329 140 1931 223">
    <p class='ocr_par' dir='ltr' id='par_1_1' title="bbox 329 140 1931 223">
     <span class='ocr_line' id='line_1_1' title="bbox 329 140 1931 223; baseline 0.001 -19"><span class='ocrx_word' id='word_1_1' title='bbox 329 161 424 218; x_wconf 72' lang='lat'><strong>356</strong></span> <span class='ocrx_word' id='word_1_2' title='bbox 804 154 807 157; x_wconf 88' lang='lat'>·</span> <span class='ocrx_word' id='word_1_3' title='bbox 863 144 1001 204; x_wconf 64' lang='grc' dir='ltr'><strong>ειη.</strong></span> <span class='ocrx_word' id='word_1_4' title='bbox 1055 158 1103 223; x_wconf 69' lang='grc' dir='ltr'><strong>γ.</strong></span> <span class='ocrx_word' id='word_1_5' title='bbox 1170 154 1477 203; x_wconf 61' lang='lat' dir='ltr'><strong>sonora</strong></span> <span class='ocrx_word' id='word_1_6' title='bbox 1526 140 1931 205; x_wconf 51' lang='lat' dir='ltr'><strong>intrem*</strong></span> 
     </span>
    </p>
   </div>
   <div class='ocr_carea' id='block_1_2' title="bbox 325 281 2392 721">
    <p class='ocr_par' dir='ltr' id='par_1_2' title="bbox 325 281 2392 721">
     <span class='ocr_line' id='line_1_2' title="bbox 326 281 2388 347; baseline 0.003 -14"><span class='ocrx_word' id='word_1_7' title='bbox 326 287 475 334; x_wconf 82' lang='lat' dir='ltr'><strong>Decas</strong></span> <span class='ocrx_word' id='word_1_8' title='bbox 495 284 554 333; x_wconf 83' lang='grc' dir='ltr'><strong>Π.</strong></span> <span class='ocrx_word' id='word_1_9' title='bbox 588 281 644 331; x_wconf 85' lang='lat' dir='ltr'><strong>de</strong></span> <span class='ocrx_word' id='word_1_10' title='bbox 669 295 882 332; x_wconf 84' lang='lat' dir='ltr'>anatome</span> <span class='ocrx_word' id='word_1_11' title='bbox 905 286 1259 347; x_wconf 77' lang='lat' dir='ltr'><strong>contemplativa</strong></span> <span class='ocrx_word' id='word_1_12' title='bbox 1291 286 1334 332; x_wconf 63' lang='grc' dir='ltr'><strong>δε</strong></span> <span class='ocrx_word' id='word_1_13' title='bbox 1358 286 1504 332; x_wconf 88' lang='lat' dir='ltr'><strong>Decas</strong></span> <span class='ocrx_word' id='word_1_14' title='bbox 1534 284 1617 332; x_wconf 90' lang='lat' dir='ltr'><strong>IV.</strong></span> <span class='ocrx_word' id='word_1_15' title='bbox 1645 283 2007 334; x_wconf 56' lang='lat' dir='ltr'><strong>anatomen‘fere</strong></span> <span class='ocrx_word' id='word_1_16' title='bbox 2033 287 2221 343; x_wconf 84' lang='lat' dir='ltr'><strong>tradunt</strong></span> <span class='ocrx_word' id='word_1_17' title='bbox 2240 289 2282 339; x_wconf 84' lang='lat'>&amp;</span> <span class='ocrx_word' id='word_1_18' title='bbox 2300 288 2388 340; x_wconf 60' lang='lat' dir='ltr'><strong>hus&#39;</strong></span> 
     </span>
     <span class='ocr_line' id='line_1_3' title="bbox 327 347 2387 415; baseline 0.002 -17"><span class='ocrx_word' id='word_1_19' title='bbox 327 366 512 399; x_wconf 76' lang='lat' dir='ltr'><strong>morum</strong></span> <span class='ocrx_word' id='word_1_20' title='bbox 532 347 779 396; x_wconf 81' lang='lat' dir='ltr'><strong>historia-m.</strong></span> <span class='ocrx_word' id='word_1_21' title='bbox 846 348 903 395; x_wconf 81' lang='lat' dir='ltr'><strong>In</strong></span> <span class='ocrx_word' id='word_1_22' title='bbox 924 349 1104 397; x_wconf 87' lang='lat' dir='ltr'><strong>Decade</strong></span> <span class='ocrx_word' id='word_1_23' title='bbox 1127 351 1184 397; x_wconf 88' lang='lat' dir='ltr'><strong>V.</strong></span> <span class='ocrx_word' id='word_1_24' title='bbox 1207 348 1296 396; x_wconf 72' lang='lat' dir='ltr'><strong>huc</strong></span> <span class='ocrx_word' id='word_1_25' title='bbox 1309 347 1483 396; x_wconf 84' lang='lat' dir='ltr'><strong>faciunt</strong></span> <span class='ocrx_word' id='word_1_26' title='bbox 1498 349 1551 396; x_wconf 86' lang='lat' dir='ltr'><strong>de</strong></span> <span class='ocrx_word' id='word_1_27' title='bbox 1571 348 1748 404; x_wconf 77' lang='lat' dir='ltr'><strong>somno,</strong></span> <span class='ocrx_word' id='word_1_28' title='bbox 1786 351 1958 412; x_wconf 86' lang='lat' dir='ltr'><strong>vigilia,</strong></span> <span class='ocrx_word' id='word_1_29' title='bbox 1996 356 2193 401; x_wconf 82' lang='lat' dir='ltr'><strong>motu&amp;</strong></span> <span class='ocrx_word' id='word_1_30' title='bbox 2215 356 2387 415; x_wconf 83' lang='lat' dir='ltr'><strong>quiete.</strong></span> 
     </span>
     <span class='ocr_line' id='line_1_4' title="bbox 327 411 2388 476; baseline 0.001 -12"><span class='ocrx_word' id='word_1_31' title='bbox 327 415 441 464; x_wconf 88' lang='lat' dir='ltr'><strong>Dec.</strong></span> <span class='ocrx_word' id='word_1_32' title='bbox 467 414 550 461; x_wconf 88' lang='lat'><strong>111.</strong></span> <span class='ocrx_word' id='word_1_33' title='bbox 585 424 686 461; x_wconf 74' lang='lat' dir='ltr'><strong>tota</strong></span> <span class='ocrx_word' id='word_1_34' title='bbox 710 412 773 460; x_wconf 86' lang='lat' dir='ltr'><strong>est</strong></span> <span class='ocrx_word' id='word_1_35' title='bbox 797 411 850 460; x_wconf 91' lang='lat' dir='ltr'><strong>de</strong></span> <span class='ocrx_word' id='word_1_36' title='bbox 876 414 1016 463; x_wconf 88' lang='lat' dir='ltr'><strong>curtis</strong></span> <span class='ocrx_word' id='word_1_37' title='bbox 1047 413 1352 461; x_wconf 76' lang='lat' dir='ltr'>resarciendis.</span> <span class='ocrx_word' id='word_1_38' title='bbox 1421 415 1565 461; x_wconf 85' lang='lat' dir='ltr'><strong>Decas</strong></span> <span class='ocrx_word' id='word_1_39' title='bbox 1592 414 1676 461; x_wconf 92' lang='lat' dir='ltr'><strong>VI.</strong></span> <span class='ocrx_word' id='word_1_40' title='bbox 1710 415 1767 461; x_wconf 88' lang='lat' dir='ltr'><strong>de</strong></span> <span class='ocrx_word' id='word_1_41' title='bbox 1799 414 1931 476; x_wconf 84' lang='lat' dir='ltr'><strong>pulsu</strong></span> <span class='ocrx_word' id='word_1_42' title='bbox 1960 417 2002 463; x_wconf 84' lang='lat'>&amp;</span> <span class='ocrx_word' id='word_1_43' title='bbox 2026 418 2174 463; x_wconf 71' lang='lat' dir='ltr'><strong>urina.</strong></span> <span class='ocrx_word' id='word_1_44' title='bbox 2228 419 2388 466; x_wconf 33' lang='lat' dir='ltr'><strong>‘Decus</strong></span> 
     </span>
     <span class='ocr_line' id='line_1_5' title="bbox 329 476 2390 541; baseline 0.001 -14"><span class='ocrx_word' id='word_1_45' title='bbox 329 495 458 528; x_wconf 83' lang='lat' dir='ltr'><strong>nona</strong></span> <span class='ocrx_word' id='word_1_46' title='bbox 480 477 534 529; x_wconf 88' lang='lat' dir='ltr'><strong>de</strong></span> <span class='ocrx_word' id='word_1_47' title='bbox 561 480 650 532; x_wconf 83' lang='lat' dir='ltr'><strong>via,</strong></span> <span class='ocrx_word' id='word_1_48' title='bbox 675 494 766 539; x_wconf 86' lang='lat' dir='ltr'><strong>qua</strong></span> <span class='ocrx_word' id='word_1_49' title='bbox 790 494 905 538; x_wconf 88' lang='lat' dir='ltr'><strong>aqua</strong></span> <span class='ocrx_word' id='word_1_50' title='bbox 931 476 1231 539; x_wconf 80' lang='lat' dir='ltr'><strong>exhepa-tein</strong></span> <span class='ocrx_word' id='word_1_51' title='bbox 1254 477 1480 525; x_wconf 77' lang='lat' dir='ltr'><strong>abdomen</strong></span> <span class='ocrx_word' id='word_1_52' title='bbox 1508 478 1731 532; x_wconf 85' lang='lat' dir='ltr'><strong>elabatur,</strong></span> <span class='ocrx_word' id='word_1_53' title='bbox 1770 481 1812 526; x_wconf 85' lang='lat'>&amp;</span> <span class='ocrx_word' id='word_1_54' title='bbox 1831 479 1886 526; x_wconf 89' lang='lat' dir='ltr'><strong>de</strong></span> <span class='ocrx_word' id='word_1_55' title='bbox 1910 479 1997 526; x_wconf 86' lang='lat' dir='ltr'><strong>alia</strong></span> <span class='ocrx_word' id='word_1_56' title='bbox 2020 481 2109 535; x_wconf 68' lang='lat' dir='ltr'><strong>via,</strong></span> <span class='ocrx_word' id='word_1_57' title='bbox 2135 497 2225 541; x_wconf 83' lang='lat' dir='ltr'><strong>qua</strong></span> <span class='ocrx_word' id='word_1_58' title='bbox 2250 494 2390 530; x_wconf 85' lang='lat' dir='ltr'><strong>mate-</strong></span> 
     </span>
     <span class='ocr_line' id='line_1_6' title="bbox 327 539 2392 608; baseline 0 -16"><span class='ocrx_word' id='word_1_59' title='bbox 327 546 396 592; x_wconf 81' lang='lat' dir='ltr'><strong>ria</strong></span> <span class='ocrx_word' id='word_1_60' title='bbox 415 544 467 592; x_wconf 88' lang='lat' dir='ltr'><strong>in</strong></span> <span class='ocrx_word' id='word_1_61' title='bbox 495 541 678 590; x_wconf 78' lang='lat' dir='ltr'><strong>thorace</strong></span> <span class='ocrx_word' id='word_1_62' title='bbox 701 554 918 589; x_wconf 88' lang='lat' dir='ltr'><strong>contenta</strong></span> <span class='ocrx_word' id='word_1_63' title='bbox 947 559 1023 602; x_wconf 87' lang='lat' dir='ltr'><strong>per</strong></span> <span class='ocrx_word' id='word_1_64' title='bbox 1052 543 1233 588; x_wconf 87' lang='lat' dir='ltr'><strong>urinam</strong></span> <span class='ocrx_word' id='word_1_65' title='bbox 1270 539 1546 589; x_wconf 85' lang='lat' dir='ltr'><strong>effundatur.</strong></span> <span class='ocrx_word' id='word_1_66' title='bbox 1629 544 1758 590; x_wconf 88' lang='lat' dir='ltr'><strong>Num</strong></span> <span class='ocrx_word' id='word_1_67' title='bbox 1787 542 2101 605; x_wconf 86' lang='lat' dir='ltr'><strong>sanguificatio</strong></span> <span class='ocrx_word' id='word_1_68' title='bbox 2129 543 2210 592; x_wconf 86' lang='lat' dir='ltr'><strong>fiat</strong></span> <span class='ocrx_word' id='word_1_69' title='bbox 2245 545 2299 592; x_wconf 89' lang='lat' dir='ltr'><strong>in</strong></span> <span class='ocrx_word' id='word_1_70' title='bbox 2327 547 2392 608; x_wconf 75' lang='lat' dir='ltr'><strong>Je-</strong></span> 
     </span>
     <span class='ocr_line' id='line_1_7' title="bbox 329 604 2391 719; baseline 0.001 -63"><span class='ocrx_word' id='word_1_71' title='bbox 329 605 848 719; x_wconf 79' lang='lat' dir='ltr'><strong>oorishparenchymate:</strong></span> <span class='ocrx_word' id='word_1_72' title='bbox 891 607 1083 654; x_wconf 80' lang='lat' dir='ltr'><strong>Nullam</strong></span> <span class='ocrx_word' id='word_1_73' title='bbox 1100 604 1188 652; x_wconf 78' lang='lat' dir='ltr'><strong>effe</strong></span> <span class='ocrx_word' id='word_1_74' title='bbox 1211 605 1523 653; x_wconf 74' lang='lat' dir='ltr'><strong>membranam</strong></span> <span class='ocrx_word' id='word_1_75' title='bbox 1555 607 1902 662; x_wconf 81' lang='lat' dir='ltr'><strong>allantoideam,</strong></span> <span class='ocrx_word' id='word_1_76' title='bbox 1932 624 2081 670; x_wconf 86' lang='lat' dir='ltr'><strong>neque</strong></span> <span class='ocrx_word' id='word_1_77' title='bbox 2110 625 2275 658; x_wconf 75' lang='lat' dir='ltr'><strong>cavum</strong></span> <span class='ocrx_word' id='word_1_78' title='bbox 2307 608 2391 658; x_wconf 81' lang='lat' dir='ltr'><strong>effe</strong></span> 
     </span>
     <span class='ocr_line' id='line_1_8' title="bbox 325 687 567 721; baseline -0.008 0"><span class='ocrx_word' id='word_1_79' title='bbox 325 687 436 721; x_wconf 83' lang='lat' dir='ltr'><strong>urae</strong></span> <span class='ocrx_word' id='word_1_80' title='bbox 471 689 567 720; x_wconf 90' lang='lat' dir='ltr'><strong>um.</strong></span> 
     </span>
    </p>
   </div>
   <div class='ocr_carea' id='block_1_3' title="bbox 328 746 2390 877">
    <p class='ocr_par' dir='ltr' id='par_1_3' title="bbox 328 746 2390 877">
     <span class='ocr_line' id='line_1_9' title="bbox 463 746 2390 815; baseline 0 -12"><span class='ocrx_word' id='word_1_81' title='bbox 463 746 1301 815; x_wconf 15' lang='lat' dir='ltr'><strong>Apud.A1.DR0vANnum,incisiones</strong></span> <span class='ocrx_word' id='word_1_82' title='bbox 1324 751 1480 797; x_wconf 85' lang='lat' dir='ltr'><strong>avium</strong></span> <span class='ocrx_word' id='word_1_83' title='bbox 1505 750 1822 813; x_wconf 76' lang='lat' dir='ltr'><strong>reperiuntur,</strong></span> <span class='ocrx_word' id='word_1_84' title='bbox 1862 768 1965 815; x_wconf 81' lang='lat' dir='ltr'><strong>quae</strong></span> <span class='ocrx_word' id='word_1_85' title='bbox 1991 753 2098 802; x_wconf 82' lang='lat' dir='ltr'><strong>sunt</strong></span> <span class='ocrx_word' id='word_1_86' title='bbox 2121 755 2390 805; x_wconf 76' lang='lat' dir='ltr'><strong>CORTESH.</strong></span> 
     </span>
     <span class='ocr_line' id='line_1_10' title="bbox 328 814 2124 877; baseline 0 -10"><span class='ocrx_word' id='word_1_87' title='bbox 328 817 456 868; x_wconf 75' lang='lat' dir='ltr'><strong>Inter</strong></span> <span class='ocrx_word' id='word_1_88' title='bbox 478 834 549 865; x_wconf 87' lang='lat' dir='ltr'><strong>eas</strong></span> <span class='ocrx_word' id='word_1_89' title='bbox 575 817 636 864; x_wconf 86' lang='lat' dir='ltr'><strong>est</strong></span> <span class='ocrx_word' id='word_1_90' title='bbox 666 817 856 877; x_wconf 76' lang='lat' dir='ltr'><strong>Aquilae,</strong></span> <span class='ocrx_word' id='word_1_91' title='bbox 885 815 936 861; x_wconf 85' lang='lat' dir='ltr'><strong>in</strong></span> <span class='ocrx_word' id='word_1_92' title='bbox 970 831 1059 874; x_wconf 87' lang='lat' dir='ltr'><strong>qua</strong></span> <span class='ocrx_word' id='word_1_93' title='bbox 1083 814 1256 874; x_wconf 87' lang='lat' dir='ltr'><strong>aliquid</strong></span> <span class='ocrx_word' id='word_1_94' title='bbox 1285 816 1558 862; x_wconf 73' lang='lat' dir='ltr'><strong>membranae</strong></span> <span class='ocrx_word' id='word_1_95' title='bbox 1581 818 1795 877; x_wconf 88' lang='lat' dir='ltr'><strong>pupillari</strong></span> <span class='ocrx_word' id='word_1_96' title='bbox 1818 816 1960 866; x_wconf 79' lang='lat' dir='ltr'><strong>slmile</strong></span> <span class='ocrx_word' id='word_1_97' title='bbox 1990 819 2124 867; x_wconf 85' lang='lat' dir='ltr'><strong>vidit.</strong></span> 
     </span>
    </p>
   </div>
   <div class='ocr_carea' id='block_1_4' title="bbox 456 896 2393 1046">
    <p class='ocr_par' dir='ltr' id='par_1_4' title="bbox 456 896 2393 1046">
     <span class='ocr_line' id='line_1_11' title="bbox 466 896 2393 962; baseline 0.002 -14"><span class='ocrx_word' id='word_1_98' title='bbox 466 901 825 948; x_wconf 78' lang='lat' dir='ltr'><strong>Commentarium</strong></span> <span class='ocrx_word' id='word_1_99' title='bbox 844 901 888 943; x_wconf 87' lang='lat' dir='ltr'><strong>in</strong></span> <span class='ocrx_word' id='word_1_100' title='bbox 900 897 1291 944; x_wconf 81' lang='lat' dir='ltr'><strong>HlPPOCRATEM</strong></span> <span class='ocrx_word' id='word_1_101' title='bbox 1306 896 1358 943; x_wconf 85' lang='lat' dir='ltr'><strong>de</strong></span> <span class='ocrx_word' id='word_1_102' title='bbox 1371 897 1611 944; x_wconf 66' lang='lat' dir='ltr'><strong>vulneribus</strong></span> <span class='ocrx_word' id='word_1_103' title='bbox 1624 900 1775 960; x_wconf 64' lang='lat' dir='ltr'><strong>capim</strong></span> <span class='ocrx_word' id='word_1_104' title='bbox 1790 900 1932 947; x_wconf 83' lang='lat' dir='ltr'><strong>edidit</strong></span> <span class='ocrx_word' id='word_1_105' title='bbox 1948 901 2139 955; x_wconf 62' lang='lat' dir='ltr'><strong>Meffan,</strong></span> <span class='ocrx_word' id='word_1_106' title='bbox 2160 909 2294 960; x_wconf 83' lang='lat'><strong>1632.</strong></span> <span class='ocrx_word' id='word_1_107' title='bbox 2313 903 2393 962; x_wconf 73' lang='grc'><strong>4.*</strong></span> 
     </span>
     <span class='ocr_line' id='line_1_12' title="bbox 456 974 2392 1046; baseline 0.003 -18"><span class='ocrx_word' id='word_1_108' title='bbox 456 983 513 1029; x_wconf 79' lang='lat'><strong>111</strong></span> <span class='ocrx_word' id='word_1_109' title='bbox 549 982 803 1041; x_wconf 76' lang='lat' dir='ltr'><strong>institutione</strong></span> <span class='ocrx_word' id='word_1_110' title='bbox 839 978 900 1026; x_wconf 78' lang='lat' dir='ltr'><strong>ad</strong></span> <span class='ocrx_word' id='word_1_111' title='bbox 931 978 1178 1046; x_wconf 65' lang='lat' dir='ltr'><strong>universam</strong></span> <span class='ocrx_word' id='word_1_112' title='bbox 1207 974 1475 1042; x_wconf 65' lang='lat' dir='ltr'><strong>chirurgiam</strong></span> <span class='ocrx_word' id='word_1_113' title='bbox 1517 977 1705 1027; x_wconf 74' lang='lat' dir='ltr'><strong>Meffan.</strong></span> <span class='ocrx_word' id='word_1_114' title='bbox 1737 986 1795 1026; x_wconf 87' lang='lat'><strong>16</strong></span> <span class='ocrx_word' id='word_1_115' title='bbox 1795 991 1875 1037; x_wconf 78' lang='lat'><strong>33·</strong></span> <span class='ocrx_word' id='word_1_116' title='bbox 1901 980 2001 1040; x_wconf 77' lang='lat'><strong>4·.*</strong></span> <span class='ocrx_word' id='word_1_117' title='bbox 2037 983 2226 1031; x_wconf 71' lang='lat' dir='ltr'><strong>brevem</strong></span> <span class='ocrx_word' id='word_1_118' title='bbox 2254 983 2392 1034; x_wconf 84' lang='lat' dir='ltr'><strong>habet</strong></span> 
     </span>
    </p>
   </div>
   <div class='ocr_carea' id='block_1_5' title="bbox 327 1046 1792 1171">
    <p class='ocr_par' dir='ltr' id='par_1_5' title="bbox 327 1046 1792 1171">
     <span class='ocr_line' id='line_1_13' title="bbox 327 1046 637 1108; baseline -0.019 -11"><span class='ocrx_word' id='word_1_119' title='bbox 327 1046 637 1108; x_wconf 82' lang='lat' dir='ltr'><strong>osteologiam.</strong></span> 
     </span>
     <span class='ocr_line' id='line_1_14' title="bbox 940 1106 1792 1171; baseline 0.001 -15"><span class='ocrx_word' id='word_1_120' title='bbox 940 1106 987 1164; x_wconf 62' lang='grc' dir='ltr'><strong>ἒ.</strong></span> <span class='ocrx_word' id='word_1_121' title='bbox 1026 1108 1431 1156; x_wconf 82' lang='lat' dir='ltr'><strong>CCCXXXH.</strong></span> <span class='ocrx_word' id='word_1_122' title='bbox 1531 1109 1573 1171; x_wconf 90' lang='lat' dir='ltr'><strong>J.</strong></span> <span class='ocrx_word' id='word_1_123' title='bbox 1608 1108 1792 1157; x_wconf 77' lang='lat' dir='ltr'><strong>FABER.</strong></span> 
     </span>
    </p>
   </div>
   <div class='ocr_carea' id='block_1_6' title="bbox 318 1205 2391 2320">
    <p class='ocr_par' dir='ltr' id='par_1_6' title="bbox 318 1205 2391 2237">
     <span class='ocr_line' id='line_1_15' title="bbox 456 1205 2387 1267; baseline 0.001 -11"><span class='ocrx_word' id='word_1_124' title='bbox 456 1205 547 1256; x_wconf 82' lang='lat' dir='ltr'><strong>Etsi</strong></span> <span class='ocrx_word' id='word_1_125' title='bbox 572 1208 777 1254; x_wconf 63' lang='lat' dir='ltr'><strong>collectio</strong></span> <span class='ocrx_word' id='word_1_126' title='bbox 802 1205 1030 1253; x_wconf 79' lang='lat' dir='ltr'><strong>nobilium</strong></span> <span class='ocrx_word' id='word_1_127' title='bbox 1055 1207 1312 1253; x_wconf 80' lang='lat' dir='ltr'><strong>libellorum</strong></span> <span class='ocrx_word' id='word_1_128' title='bbox 1338 1207 1392 1252; x_wconf 87' lang='lat' dir='ltr'><strong>ad</strong></span> <span class='ocrx_word' id='word_1_129' title='bbox 1417 1208 1590 1266; x_wconf 80' lang='lat' dir='ltr'><strong>plantas</strong></span> <span class='ocrx_word' id='word_1_130' title='bbox 1610 1206 1876 1254; x_wconf 79' lang='lat' dir='ltr'><strong>Mexicanas</strong></span> <span class='ocrx_word' id='word_1_131' title='bbox 1903 1206 2234 1267; x_wconf 86' lang='lat' dir='ltr'><strong>pertinentium</strong></span> <span class='ocrx_word' id='word_1_132' title='bbox 2261 1224 2387 1257; x_wconf 85' lang='lat' dir='ltr'><strong>anno</strong></span> 
     </span>
     <span class='ocr_line' id='line_1_16' title="bbox 329 1269 2391 1332; baseline 0 -11"><span class='ocrx_word' id='word_1_133' title='bbox 329 1282 465 1332; x_wconf 75' lang='lat'><strong>1651.</strong></span> <span class='ocrx_word' id='word_1_134' title='bbox 484 1273 666 1319; x_wconf 89' lang='lat' dir='ltr'><strong>demum</strong></span> <span class='ocrx_word' id='word_1_135' title='bbox 682 1270 852 1332; x_wconf 84' lang='lat' dir='ltr'><strong>prodiit</strong></span> <span class='ocrx_word' id='word_1_136' title='bbox 871 1271 1006 1318; x_wconf 86' lang='lat' dir='ltr'><strong>Rom.</strong></span> <span class='ocrx_word' id='word_1_137' title='bbox 1022 1269 1246 1318; x_wconf 80' lang='lat' dir='ltr'><strong>fol.*non</strong></span> <span class='ocrx_word' id='word_1_138' title='bbox 1259 1270 1403 1332; x_wconf 87' lang='lat' dir='ltr'><strong>potest</strong></span> <span class='ocrx_word' id='word_1_139' title='bbox 1417 1283 1571 1317; x_wconf 87' lang='lat' dir='ltr'><strong>tamen</strong></span> <span class='ocrx_word' id='word_1_140' title='bbox 1581 1269 1722 1318; x_wconf 81' lang='lat' dir='ltr'><strong>serius</strong></span> <span class='ocrx_word' id='word_1_141' title='bbox 1735 1269 1970 1325; x_wconf 75' lang='lat' dir='ltr'><strong>recenseri,</strong></span> <span class='ocrx_word' id='word_1_142' title='bbox 1993 1288 2146 1318; x_wconf 80' lang='lat' dir='ltr'><strong>cuma.</strong></span> <span class='ocrx_word' id='word_1_143' title='bbox 2167 1278 2255 1320; x_wconf 83' lang='lat'><strong>162</strong></span> <span class='ocrx_word' id='word_1_144' title='bbox 2265 1285 2302 1330; x_wconf 90' lang='lat'><strong>5.</strong></span> <span class='ocrx_word' id='word_1_145' title='bbox 2319 1272 2391 1321; x_wconf 86' lang='lat' dir='ltr'><strong>hae</strong></span> 
     </span>
     <span class='ocr_line' id='line_1_17' title="bbox 324 1333 2389 1399; baseline -0.001 -12"><span class='ocrx_word' id='word_1_146' title='bbox 324 1339 489 1387; x_wconf 74' lang='lat' dir='ltr'><strong>chartae</strong></span> <span class='ocrx_word' id='word_1_147' title='bbox 518 1348 684 1397; x_wconf 75' lang='lat' dir='ltr'><strong>paratae</strong></span> <span class='ocrx_word' id='word_1_148' title='bbox 708 1333 907 1390; x_wconf 86' lang='lat' dir='ltr'><strong>fuerint,</strong></span> <span class='ocrx_word' id='word_1_149' title='bbox 941 1352 1043 1396; x_wconf 75' lang='lat' dir='ltr'><strong>quae</strong></span> <span class='ocrx_word' id='word_1_150' title='bbox 1082 1336 1161 1383; x_wconf 83' lang='lat' dir='ltr'><strong>diu</strong></span> <span class='ocrx_word' id='word_1_151' title='bbox 1194 1335 1449 1396; x_wconf 77' lang='lat' dir='ltr'><strong>posthumae</strong></span> <span class='ocrx_word' id='word_1_152' title='bbox 1475 1335 1597 1396; x_wconf 86' lang='lat' dir='ltr'><strong>apud</strong></span> <span class='ocrx_word' id='word_1_153' title='bbox 1622 1336 1856 1383; x_wconf 77' lang='lat' dir='ltr'>NARDUM</span> <span class='ocrx_word' id='word_1_154' title='bbox 1891 1336 2152 1384; x_wconf 80' lang='lat' dir='ltr'>RECCHUM</span> <span class='ocrx_word' id='word_1_155' title='bbox 2186 1338 2229 1384; x_wconf 89' lang='lat'>&amp;</span> <span class='ocrx_word' id='word_1_156' title='bbox 2266 1337 2389 1399; x_wconf 91' lang='lat' dir='ltr'><strong>apud</strong></span> 
     </span>
     <span class='ocr_line' id='line_1_18' title="bbox 323 1397 2388 1464; baseline -0.001 -13"><span class='ocrx_word' id='word_1_157' title='bbox 323 1404 590 1451; x_wconf 77' lang='lat' dir='ltr'><strong>PETILIUM</strong></span> <span class='ocrx_word' id='word_1_158' title='bbox 628 1401 724 1461; x_wconf 84' lang='lat' dir='ltr'><strong>ejus</strong></span> <span class='ocrx_word' id='word_1_159' title='bbox 749 1398 962 1447; x_wconf 85' lang='lat' dir='ltr'><strong>heredem</strong></span> <span class='ocrx_word' id='word_1_160' title='bbox 993 1402 1239 1447; x_wconf 81' lang='lat' dir='ltr'><strong>latuerunt.</strong></span> <span class='ocrx_word' id='word_1_161' title='bbox 1309 1401 1433 1448; x_wconf 80' lang='lat' dir='ltr'><strong>Inter</strong></span> <span class='ocrx_word' id='word_1_162' title='bbox 1470 1417 1542 1447; x_wconf 86' lang='lat' dir='ltr'><strong>eas</strong></span> <span class='ocrx_word' id='word_1_163' title='bbox 1567 1397 1674 1446; x_wconf 84' lang='lat' dir='ltr'><strong>sunt</strong></span> <span class='ocrx_word' id='word_1_164' title='bbox 1698 1416 1804 1461; x_wconf 83' lang='lat' dir='ltr'><strong>ergo</strong></span> <span class='ocrx_word' id='word_1_165' title='bbox 1832 1400 1874 1462; x_wconf 98' lang='lat' dir='ltr'>J</span> <span class='ocrx_word' id='word_1_166' title='bbox 1900 1401 2059 1448; x_wconf 69' lang='lat' dir='ltr'>FABRI</span> <span class='ocrx_word' id='word_1_167' title='bbox 2089 1400 2388 1464; x_wconf 89' lang='lat' dir='ltr'><strong>Bambergen-</strong></span> 
     </span>
     <span class='ocr_line' id='line_1_19' title="bbox 322 1463 2391 1527; baseline -0.001 -12"><span class='ocrx_word' id='word_1_168' title='bbox 322 1466 395 1521; x_wconf 79' lang='lat' dir='ltr'><strong>fis,</strong></span> <span class='ocrx_word' id='word_1_169' title='bbox 430 1467 484 1513; x_wconf 84' lang='lat' dir='ltr'><strong>de</strong></span> <span class='ocrx_word' id='word_1_170' title='bbox 507 1467 795 1526; x_wconf 84' lang='lat' dir='ltr'><strong>Lynceorum</strong></span> <span class='ocrx_word' id='word_1_171' title='bbox 823 1463 1076 1518; x_wconf 75' lang='lat' dir='ltr'><strong>academia,</strong></span> <span class='ocrx_word' id='word_1_172' title='bbox 1112 1477 1234 1512; x_wconf 78' lang='lat' dir='ltr'><strong>notae</strong></span> <span class='ocrx_word' id='word_1_173' title='bbox 1255 1464 1410 1511; x_wconf 76' lang='lat' dir='ltr'><strong>Nardi</strong></span> <span class='ocrx_word' id='word_1_174' title='bbox 1427 1467 1613 1511; x_wconf 81' lang='lat' dir='ltr'><strong>Antonii</strong></span> <span class='ocrx_word' id='word_1_175' title='bbox 1635 1465 1859 1512; x_wconf 75' lang='lat' dir='ltr'>RECCHH</span> <span class='ocrx_word' id='word_1_176' title='bbox 1885 1466 2107 1527; x_wconf 82' lang='lat' dir='ltr'><strong>imagines</strong></span> <span class='ocrx_word' id='word_1_177' title='bbox 2132 1467 2175 1512; x_wconf 73' lang='grc' dir='ltr'><strong>δι</strong></span> <span class='ocrx_word' id='word_1_178' title='bbox 2201 1467 2391 1513; x_wconf 86' lang='lat' dir='ltr'><strong>nomina</strong></span> 
     </span>
     <span class='ocr_line' id='line_1_20' title="bbox 319 1528 2386 1594; baseline -0 -16"><span class='ocrx_word' id='word_1_179' title='bbox 319 1532 413 1594; x_wconf 81' lang='lat' dir='ltr'><strong>jam</strong></span> <span class='ocrx_word' id='word_1_180' title='bbox 457 1547 580 1576; x_wconf 86' lang='lat' dir='ltr'><strong>anno</strong></span> <span class='ocrx_word' id='word_1_181' title='bbox 614 1534 751 1587; x_wconf 82' lang='lat'><strong>1625.</strong></span> <span class='ocrx_word' id='word_1_182' title='bbox 810 1529 969 1575; x_wconf 82' lang='lat' dir='ltr'><strong>Romae</strong></span> <span class='ocrx_word' id='word_1_183' title='bbox 1006 1529 1126 1575; x_wconf 86' lang='lat' dir='ltr'><strong>data.</strong></span> <span class='ocrx_word' id='word_1_184' title='bbox 1220 1529 1288 1577; x_wconf 76' lang='lat' dir='ltr'><strong>Ut</strong></span> <span class='ocrx_word' id='word_1_185' title='bbox 1338 1529 1554 1590; x_wconf 87' lang='lat' dir='ltr'><strong>quodque</strong></span> <span class='ocrx_word' id='word_1_186' title='bbox 1607 1530 1776 1575; x_wconf 86' lang='lat' dir='ltr'><strong>animal</strong></span> <span class='ocrx_word' id='word_1_187' title='bbox 1816 1530 2116 1577; x_wconf 84' lang='lat' dir='ltr'><strong>Mexicanum</strong></span> <span class='ocrx_word' id='word_1_188' title='bbox 2152 1528 2386 1583; x_wconf 80' lang='lat' dir='ltr'><strong>recenset.</strong></span> 
     </span>
     <span class='ocr_line' id='line_1_21' title="bbox 319 1592 2383 1656; baseline -0.001 -13"><span class='ocrx_word' id='word_1_189' title='bbox 319 1597 387 1647; x_wconf 80' lang='lat' dir='ltr'><strong>ita</strong></span> <span class='ocrx_word' id='word_1_190' title='bbox 417 1595 470 1642; x_wconf 82' lang='lat' dir='ltr'><strong>de</strong></span> <span class='ocrx_word' id='word_1_191' title='bbox 496 1596 598 1655; x_wconf 82' lang='lat' dir='ltr'><strong>ejus</strong></span> <span class='ocrx_word' id='word_1_192' title='bbox 633 1593 819 1641; x_wconf 82' lang='lat' dir='ltr'><strong>historia</strong></span> <span class='ocrx_word' id='word_1_193' title='bbox 844 1594 1068 1647; x_wconf 84' lang='lat' dir='ltr'><strong>naturali,</strong></span> <span class='ocrx_word' id='word_1_194' title='bbox 1098 1592 1212 1654; x_wconf 82' lang='lat' dir='ltr'><strong>saepe</strong></span> <span class='ocrx_word' id='word_1_195' title='bbox 1234 1595 1277 1640; x_wconf 62' lang='grc' dir='ltr'><strong>ὃς</strong></span> <span class='ocrx_word' id='word_1_196' title='bbox 1303 1594 1357 1640; x_wconf 90' lang='lat' dir='ltr'><strong>de</strong></span> <span class='ocrx_word' id='word_1_197' title='bbox 1395 1592 1678 1655; x_wconf 82' lang='lat' dir='ltr'><strong>phyliologia</strong></span> <span class='ocrx_word' id='word_1_198' title='bbox 1708 1595 1749 1640; x_wconf 64' lang='grc' dir='ltr'>ἃ</span> <span class='ocrx_word' id='word_1_199' title='bbox 1778 1606 1989 1640; x_wconf 83' lang='lat' dir='ltr'><strong>anatome</strong></span> <span class='ocrx_word' id='word_1_200' title='bbox 2017 1594 2205 1641; x_wconf 84' lang='lat' dir='ltr'><strong>minime</strong></span> <span class='ocrx_word' id='word_1_201' title='bbox 2229 1595 2383 1656; x_wconf 86' lang='lat' dir='ltr'><strong>vulga-</strong></span> 
     </span>
     <span class='ocr_line' id='line_1_22' title="bbox 321 1655 2389 1720; baseline -0.001 -13"><span class='ocrx_word' id='word_1_202' title='bbox 321 1662 389 1708; x_wconf 84' lang='lat' dir='ltr'><strong>ria</strong></span> <span class='ocrx_word' id='word_1_203' title='bbox 428 1657 614 1720; x_wconf 80' lang='lat' dir='ltr'><strong>profert.</strong></span> <span class='ocrx_word' id='word_1_204' title='bbox 684 1655 934 1706; x_wconf 75' lang='lat' dir='ltr'><strong>Occasione</strong></span> <span class='ocrx_word' id='word_1_205' title='bbox 968 1658 1088 1704; x_wconf 83' lang='lat' dir='ltr'><strong>tauri</strong></span> <span class='ocrx_word' id='word_1_206' title='bbox 1132 1670 1386 1705; x_wconf 84' lang='lat' dir='ltr'><strong>accuratam</strong></span> <span class='ocrx_word' id='word_1_207' title='bbox 1427 1658 1564 1705; x_wconf 86' lang='lat' dir='ltr'><strong>vituli</strong></span> <span class='ocrx_word' id='word_1_208' title='bbox 1595 1656 1834 1705; x_wconf 71' lang='lat' dir='ltr'><strong>monstrosi</strong></span> <span class='ocrx_word' id='word_1_209' title='bbox 1874 1658 1954 1705; x_wconf 88' lang='lat' dir='ltr'><strong>dat</strong></span> <span class='ocrx_word' id='word_1_210' title='bbox 1988 1670 2248 1705; x_wconf 88' lang='lat' dir='ltr'><strong>anatomen.</strong></span> <span class='ocrx_word' id='word_1_211' title='bbox 2316 1659 2389 1706; x_wconf 86' lang='lat' dir='ltr'><strong>De</strong></span> 
     </span>
     <span class='ocr_line' id='line_1_23' title="bbox 321 1720 2386 1784; baseline -0 -12"><span class='ocrx_word' id='word_1_212' title='bbox 321 1736 454 1773; x_wconf 83' lang='lat' dir='ltr'><strong>motu</strong></span> <span class='ocrx_word' id='word_1_213' title='bbox 484 1723 632 1770; x_wconf 89' lang='lat' dir='ltr'><strong>cordis</strong></span> <span class='ocrx_word' id='word_1_214' title='bbox 666 1724 708 1770; x_wconf 85' lang='lat'>&amp;</span> <span class='ocrx_word' id='word_1_215' title='bbox 731 1723 835 1769; x_wconf 78' lang='lat' dir='ltr'><strong>bilis</strong></span> <span class='ocrx_word' id='word_1_216' title='bbox 859 1724 1041 1783; x_wconf 78' lang='lat' dir='ltr'><strong>propria</strong></span> <span class='ocrx_word' id='word_1_217' title='bbox 1064 1723 1374 1783; x_wconf 85' lang='lat' dir='ltr'><strong>experimenta</strong></span> <span class='ocrx_word' id='word_1_218' title='bbox 1396 1721 1533 1770; x_wconf 86' lang='lat' dir='ltr'><strong>habet</strong></span> <span class='ocrx_word' id='word_1_219' title='bbox 1552 1757 1563 1777; x_wconf 93' lang='lat'>‚</span> <span class='ocrx_word' id='word_1_220' title='bbox 1600 1735 1700 1769; x_wconf 86' lang='lat' dir='ltr'><strong>tum</strong></span> <span class='ocrx_word' id='word_1_221' title='bbox 1721 1723 1775 1769; x_wconf 85' lang='lat' dir='ltr'><strong>de</strong></span> <span class='ocrx_word' id='word_1_222' title='bbox 1804 1723 2009 1783; x_wconf 82' lang='lat' dir='ltr'><strong>partibus</strong></span> <span class='ocrx_word' id='word_1_223' title='bbox 2039 1720 2157 1770; x_wconf 80' lang='lat' dir='ltr'><strong>fetui</strong></span> <span class='ocrx_word' id='word_1_224' title='bbox 2172 1721 2386 1784; x_wconf 86' lang='lat' dir='ltr'><strong>propriis,</strong></span> 
     </span>
     <span class='ocr_line' id='line_1_24' title="bbox 324 1785 2386 1841; baseline -0.001 -5"><span class='ocrx_word' id='word_1_225' title='bbox 324 1790 371 1837; x_wconf 84' lang='lat'>&amp;</span> <span class='ocrx_word' id='word_1_226' title='bbox 399 1788 452 1835; x_wconf 84' lang='lat' dir='ltr'><strong>de</strong></span> <span class='ocrx_word' id='word_1_227' title='bbox 479 1788 805 1835; x_wconf 84' lang='lat' dir='ltr'><strong>ruminatione.</strong></span> <span class='ocrx_word' id='word_1_228' title='bbox 889 1786 1000 1832; x_wconf 85' lang='lat' dir='ltr'><strong>Inde</strong></span> <span class='ocrx_word' id='word_1_229' title='bbox 1027 1787 1082 1832; x_wconf 86' lang='lat' dir='ltr'><strong>de</strong></span> <span class='ocrx_word' id='word_1_230' title='bbox 1112 1787 1300 1841; x_wconf 85' lang='lat' dir='ltr'><strong>avibus,</strong></span> <span class='ocrx_word' id='word_1_231' title='bbox 1338 1804 1492 1834; x_wconf 86' lang='lat' dir='ltr'><strong>earum</strong></span> <span class='ocrx_word' id='word_1_232' title='bbox 1524 1788 1659 1834; x_wconf 85' lang='lat' dir='ltr'><strong>etiam</strong></span> <span class='ocrx_word' id='word_1_233' title='bbox 1685 1785 1869 1834; x_wconf 80' lang='lat' dir='ltr'><strong>sceletos</strong></span> <span class='ocrx_word' id='word_1_234' title='bbox 1899 1785 1999 1833; x_wconf 84' lang='lat' dir='ltr'><strong>suas</strong></span> <span class='ocrx_word' id='word_1_235' title='bbox 2033 1787 2169 1834; x_wconf 66' lang='lat' dir='ltr'><strong>citat.</strong></span> <span class='ocrx_word' id='word_1_236' title='bbox 2244 1788 2386 1834; x_wconf 89' lang='lat' dir='ltr'><strong>Porro</strong></span> 
     </span>
     <span class='ocr_line' id='line_1_25' title="bbox 321 1850 2385 1912; baseline -0.001 -12"><span class='ocrx_word' id='word_1_237' title='bbox 321 1853 378 1900; x_wconf 83' lang='lat' dir='ltr'><strong>de</strong></span> <span class='ocrx_word' id='word_1_238' title='bbox 418 1851 774 1905; x_wconf 78' lang='lat' dir='ltr'><strong>chamaeleonte,</strong></span> <span class='ocrx_word' id='word_1_239' title='bbox 820 1851 1007 1912; x_wconf 82' lang='lat' dir='ltr'><strong>ejusque</strong></span> <span class='ocrx_word' id='word_1_240' title='bbox 1047 1850 1387 1911; x_wconf 80' lang='lat' dir='ltr'><strong>phaenomenis3</strong></span> <span class='ocrx_word' id='word_1_241' title='bbox 1436 1852 1490 1898; x_wconf 88' lang='lat' dir='ltr'><strong>de</strong></span> <span class='ocrx_word' id='word_1_242' title='bbox 1526 1851 1753 1899; x_wconf 82' lang='lat' dir='ltr'><strong>testudine</strong></span> <span class='ocrx_word' id='word_1_243' title='bbox 1788 1851 1978 1912; x_wconf 77' lang='lat' dir='ltr'><strong>ejusque</strong></span> <span class='ocrx_word' id='word_1_244' title='bbox 2019 1850 2155 1898; x_wconf 86' lang='lat' dir='ltr'><strong>corde</strong></span> <span class='ocrx_word' id='word_1_245' title='bbox 2195 1852 2385 1898; x_wconf 83' lang='lat' dir='ltr'><strong>minime</strong></span> 
     </span>
     <span class='ocr_line' id='line_1_26' title="bbox 320 1915 2386 1978; baseline -0.001 -14"><span class='ocrx_word' id='word_1_246' title='bbox 320 1919 438 1964; x_wconf 85' lang='lat' dir='ltr'><strong>male</strong></span> <span class='ocrx_word' id='word_1_247' title='bbox 459 1951 470 1971; x_wconf 83' lang='lat'><strong>,</strong></span> <span class='ocrx_word' id='word_1_248' title='bbox 507 1916 809 1978; x_wconf 75' lang='lat' dir='ltr'><strong>phaenomena</strong></span> <span class='ocrx_word' id='word_1_249' title='bbox 832 1916 882 1962; x_wconf 87' lang='lat' dir='ltr'><strong>in</strong></span> <span class='ocrx_word' id='word_1_250' title='bbox 903 1916 1179 1963; x_wconf 84' lang='lat' dir='ltr'><strong>animalibus</strong></span> <span class='ocrx_word' id='word_1_251' title='bbox 1210 1915 1398 1963; x_wconf 81' lang='lat' dir='ltr'><strong>caesareo</strong></span> <span class='ocrx_word' id='word_1_252' title='bbox 1429 1928 1561 1977; x_wconf 88' lang='lat' dir='ltr'><strong>partu</strong></span> <span class='ocrx_word' id='word_1_253' title='bbox 1586 1917 1703 1962; x_wconf 84' lang='lat' dir='ltr'><strong>natis</strong></span> <span class='ocrx_word' id='word_1_254' title='bbox 1724 1934 1736 1968; x_wconf 77' lang='lat'><em>3</em></span> <span class='ocrx_word' id='word_1_255' title='bbox 1773 1916 2020 1963; x_wconf 88' lang='lat' dir='ltr'><strong>ventriculi</strong></span> <span class='ocrx_word' id='word_1_256' title='bbox 2048 1916 2386 1962; x_wconf 87' lang='lat' dir='ltr'><strong>ruminantium</strong></span> 
     </span>
     <span class='ocr_line' id='line_1_27' title="bbox 324 1979 2383 2042; baseline -0.002 -14"><span class='ocrx_word' id='word_1_257' title='bbox 324 1983 369 2028; x_wconf 71' lang='grc' dir='ltr'><strong>δε</strong></span> <span class='ocrx_word' id='word_1_258' title='bbox 404 1982 493 2028; x_wconf 86' lang='lat' dir='ltr'><strong>cibi</strong></span> <span class='ocrx_word' id='word_1_259' title='bbox 524 1982 638 2028; x_wconf 85' lang='lat' dir='ltr'><strong>iter:</strong></span> <span class='ocrx_word' id='word_1_260' title='bbox 685 1980 740 2026; x_wconf 83' lang='lat' dir='ltr'><strong>de</strong></span> <span class='ocrx_word' id='word_1_261' title='bbox 770 1979 988 2027; x_wconf 80' lang='lat' dir='ltr'><strong>incubato</strong></span> <span class='ocrx_word' id='word_1_262' title='bbox 1030 1997 1120 2027; x_wconf 87' lang='lat' dir='ltr'><strong>ovo</strong></span> <span class='ocrx_word' id='word_1_263' title='bbox 1162 1997 1266 2027; x_wconf 87' lang='lat' dir='ltr'><strong>cum</strong></span> <span class='ocrx_word' id='word_1_264' title='bbox 1301 1982 1539 2028; x_wconf 83' lang='lat' dir='ltr'><strong>nonnullis</strong></span> <span class='ocrx_word' id='word_1_265' title='bbox 1570 1979 1744 2042; x_wconf 83' lang='lat' dir='ltr'><strong>figuris.</strong></span> <span class='ocrx_word' id='word_1_266' title='bbox 1814 1980 1986 2026; x_wconf 81' lang='lat' dir='ltr'><strong>Iterum</strong></span> <span class='ocrx_word' id='word_1_267' title='bbox 2014 1991 2226 2026; x_wconf 83' lang='lat' dir='ltr'><strong>anatome</strong></span> <span class='ocrx_word' id='word_1_268' title='bbox 2268 1980 2383 2040; x_wconf 75' lang='lat' dir='ltr'><strong>lupi,</strong></span> 
     </span>
     <span class='ocr_line' id='line_1_28' title="bbox 322 2042 2387 2107; baseline -0.001 -14"><span class='ocrx_word' id='word_1_269' title='bbox 322 2047 484 2093; x_wconf 71' lang='lat' dir='ltr'><strong>Sceleri</strong></span> <span class='ocrx_word' id='word_1_270' title='bbox 509 2045 776 2092; x_wconf 85' lang='lat' dir='ltr'><strong>animalium</strong></span> <span class='ocrx_word' id='word_1_271' title='bbox 808 2061 834 2091; x_wconf 88' lang='lat' dir='ltr'><strong>a</strong></span> <span class='ocrx_word' id='word_1_272' title='bbox 871 2042 1100 2107; x_wconf 73' lang='lat' dir='ltr'><strong>Theophila</strong></span> <span class='ocrx_word' id='word_1_273' title='bbox 1135 2046 1425 2093; x_wconf 75' lang='lat' dir='ltr'>MOLITORE</span> <span class='ocrx_word' id='word_1_274' title='bbox 1462 2055 1734 2106; x_wconf 74' lang='lat' dir='ltr'><strong>praeparatae.</strong></span> <span class='ocrx_word' id='word_1_275' title='bbox 1816 2045 1921 2091; x_wconf 90' lang='lat' dir='ltr'><strong>Una</strong></span> <span class='ocrx_word' id='word_1_276' title='bbox 1949 2043 2118 2103; x_wconf 86' lang='lat' dir='ltr'><strong>prodiit</strong></span> <span class='ocrx_word' id='word_1_277' title='bbox 2151 2042 2257 2095; x_wconf 66' lang='lat' dir='ltr'><strong>Fab,</strong></span> <span class='ocrx_word' id='word_1_278' title='bbox 2287 2043 2387 2091; x_wconf 91' lang='lat' dir='ltr'><strong>Co-</strong></span> 
     </span>
     <span class='ocr_line' id='line_1_29' title="bbox 320 2105 2389 2177; baseline -0.002 -18"><span class='ocrx_word' id='word_1_279' title='bbox 320 2122 511 2159; x_wconf 72' lang='lat' dir='ltr'><strong>LUMNAE</strong></span> <span class='ocrx_word' id='word_1_280' title='bbox 553 2109 738 2172; x_wconf 86' lang='lat' dir='ltr'><strong>epistola</strong></span> <span class='ocrx_word' id='word_1_281' title='bbox 772 2107 826 2157; x_wconf 78' lang='lat' dir='ltr'><strong>ad</strong></span> <span class='ocrx_word' id='word_1_282' title='bbox 863 2109 1081 2159; x_wconf 78' lang='lat' dir='ltr'>FABRUM</span> <span class='ocrx_word' id='word_1_283' title='bbox 1117 2108 1173 2156; x_wconf 90' lang='lat' dir='ltr'><strong>de</strong></span> <span class='ocrx_word' id='word_1_284' title='bbox 1225 2109 1415 2157; x_wconf 84' lang='lat' dir='ltr'><strong>animali</strong></span> <span class='ocrx_word' id='word_1_285' title='bbox 1457 2107 1714 2162; x_wconf 81' lang='lat' dir='ltr'><strong>cibethi00‚</strong></span> <span class='ocrx_word' id='word_1_286' title='bbox 1768 2109 1811 2155; x_wconf 85' lang='lat'>&amp;</span> <span class='ocrx_word' id='word_1_287' title='bbox 1849 2105 2056 2156; x_wconf 85' lang='lat' dir='ltr'><strong>folliculo</strong></span> <span class='ocrx_word' id='word_1_288' title='bbox 2101 2107 2296 2177; x_wconf 64' lang='lat' dir='ltr'><strong>odorato</strong></span> <span class='ocrx_word' id='word_1_289' title='bbox 2343 2107 2389 2155; x_wconf 82' lang='lat' dir='ltr'><strong>ei</strong></span> 
     </span>
     <span class='ocr_line' id='line_1_30' title="bbox 318 2187 529 2237; baseline -0.009 -15"><span class='ocrx_word' id='word_1_290' title='bbox 318 2187 529 2237; x_wconf 68' lang='lat' dir='ltr'><strong>proprio,</strong></span> 
     </span>
    </p>

    <p class='ocr_par' dir='ltr' id='par_1_7' title="bbox 449 2252 1929 2320">
     <span class='ocr_line' id='line_1_31' title="bbox 449 2252 1929 2320; baseline -0.001 -16"><span class='ocrx_word' id='word_1_291' title='bbox 449 2256 507 2304; x_wconf 92' lang='lat' dir='ltr'><strong>In</strong></span> <span class='ocrx_word' id='word_1_292' title='bbox 533 2255 752 2319; x_wconf 84' lang='lat' dir='ltr'><strong>Principis</strong></span> <span class='ocrx_word' id='word_1_293' title='bbox 772 2256 926 2306; x_wconf 77' lang='lat' dir='ltr'><strong>CAEsn</strong></span> <span class='ocrx_word' id='word_1_294' title='bbox 947 2257 1206 2320; x_wconf 72' lang='lat' dir='ltr'><strong>conjunctis</strong></span> <span class='ocrx_word' id='word_1_295' title='bbox 1225 2257 1391 2306; x_wconf 86' lang='lat' dir='ltr'><strong>tabulis</strong></span> <span class='ocrx_word' id='word_1_296' title='bbox 1416 2254 1594 2318; x_wconf 87' lang='lat' dir='ltr'><strong>sapores</strong></span> <span class='ocrx_word' id='word_1_297' title='bbox 1617 2252 1929 2308; x_wconf 73' lang='lat' dir='ltr'><strong>recensentur.</strong></span> 
     </span>
    </p>
   </div>
   <div class='ocr_carea' id='block_1_7' title="bbox 754 2395 1896 2456">
    <p class='ocr_par' dir='ltr' id='par_1_8' title="bbox 754 2395 1896 2456">
     <span class='ocr_line' id='line_1_32' title="bbox 754 2395 1896 2456; baseline -0.003 -12"><span class='ocrx_word' id='word_1_298' title='bbox 754 2402 797 2451; x_wconf 74' lang='grc' dir='ltr'><strong>ς.</strong></span> <span class='ocrx_word' id='word_1_299' title='bbox 831 2395 1270 2456; x_wconf 68' lang='grc' dir='ltr'>(ΣΟΟΧΧΧΙΙΙ.</span> <span class='ocrx_word' id='word_1_300' title='bbox 1343 2395 1480 2455; x_wconf 78' lang='lat' dir='ltr'><strong>Caesar</strong></span> <span class='ocrx_word' id='word_1_301' title='bbox 1515 2395 1896 2448; x_wconf 70' lang='lat' dir='ltr'><strong>Cassmomuus,</strong></span> 
     </span>
    </p>
   </div>
   <div class='ocr_carea' id='block_1_8' title="bbox 315 2489 2389 2932">
    <p class='ocr_par' dir='ltr' id='par_1_9' title="bbox 315 2489 2389 2932">
     <span class='ocr_line' id='line_1_33' title="bbox 447 2489 2388 2556; baseline -0.002 -18"><span class='ocrx_word' id='word_1_302' title='bbox 447 2489 702 2546; x_wconf 85' lang='lat' dir='ltr'><strong>Centenfis‚</strong></span> <span class='ocrx_word' id='word_1_303' title='bbox 738 2496 850 2542; x_wconf 85' lang='lat' dir='ltr'><strong>acris</strong></span> <span class='ocrx_word' id='word_1_304' title='bbox 865 2495 1201 2556; x_wconf 84' lang='lat' dir='ltr'><strong>peripateticus.</strong></span> <span class='ocrx_word' id='word_1_305' title='bbox 1269 2494 1390 2556; x_wconf 79' lang='lat' dir='ltr'><strong>EJus</strong></span> <span class='ocrx_word' id='word_1_306' title='bbox 1420 2494 1617 2556; x_wconf 79' lang='lat' dir='ltr'><strong>apologia</strong></span> <span class='ocrx_word' id='word_1_307' title='bbox 1642 2493 1852 2540; x_wconf 60' lang='lat' dir='ltr'><strong>difflorum</strong></span> <span class='ocrx_word' id='word_1_308' title='bbox 1876 2494 2220 2540; x_wconf 71' lang='lat' dir='ltr'><strong>Amswrnms</strong></span> <span class='ocrx_word' id='word_1_309' title='bbox 2245 2489 2298 2536; x_wconf 86' lang='lat' dir='ltr'><strong>de</strong></span> <span class='ocrx_word' id='word_1_310' title='bbox 2318 2501 2388 2536; x_wconf 71' lang='grc' dir='ltr'><strong>σα-</strong></span> 
     </span>
     <span class='ocr_line' id='line_1_34' title="bbox 319 2555 2387 2619; baseline -0.002 -15"><span class='ocrx_word' id='word_1_311' title='bbox 319 2555 409 2604; x_wconf 66' lang='lat' dir='ltr'><strong>dido</strong></span> <span class='ocrx_word' id='word_1_312' title='bbox 443 2559 594 2602; x_wconf 81' lang='lat' dir='ltr'><strong>innato</strong></span> <span class='ocrx_word' id='word_1_313' title='bbox 631 2557 825 2618; x_wconf 77' lang='lat' dir='ltr'><strong>adversm</strong></span> <span class='ocrx_word' id='word_1_314' title='bbox 850 2560 1113 2607; x_wconf 79' lang='lat' dir='ltr'>GALENUM</span> <span class='ocrx_word' id='word_1_315' title='bbox 1159 2559 1324 2605; x_wconf 84' lang='lat' dir='ltr'><strong>Venet.</strong></span> <span class='ocrx_word' id='word_1_316' title='bbox 1349 2565 1486 2606; x_wconf 86' lang='lat'><strong>1626.</strong></span> <span class='ocrx_word' id='word_1_317' title='bbox 1518 2562 1583 2617; x_wconf 83' lang='lat'><strong>4⁰.</strong></span> <span class='ocrx_word' id='word_1_318' title='bbox 1613 2557 1785 2619; x_wconf 84' lang='lat' dir='ltr'><strong>prodiit</strong></span> <span class='ocrx_word' id='word_1_319' title='bbox 1815 2558 1968 2609; x_wconf 70' lang='lat' dir='ltr'><strong>LIND,</strong></span> <span class='ocrx_word' id='word_1_320' title='bbox 1999 2566 2078 2601; x_wconf 81' lang='lat' dir='ltr'><strong>aut</strong></span> <span class='ocrx_word' id='word_1_321' title='bbox 2100 2570 2222 2600; x_wconf 87' lang='lat' dir='ltr'><strong>anno</strong></span> <span class='ocrx_word' id='word_1_322' title='bbox 2251 2557 2387 2611; x_wconf 86' lang='lat'><strong>1627.</strong></span> 
     </span>
     <span class='ocr_line' id='line_1_35' title="bbox 319 2617 2389 2684; baseline -0.002 -17"><span class='ocrx_word' id='word_1_323' title='bbox 319 2620 486 2668; x_wconf 81' lang='lat' dir='ltr'><strong>CLEM.</strong></span> <span class='ocrx_word' id='word_1_324' title='bbox 524 2621 568 2666; x_wconf 81' lang='lat'>&amp;</span> <span class='ocrx_word' id='word_1_325' title='bbox 596 2620 803 2683; x_wconf 78' lang='lat' dir='ltr'><strong>Apologia</strong></span> <span class='ocrx_word' id='word_1_326' title='bbox 833 2622 1028 2670; x_wconf 55' lang='lat' dir='ltr'><strong>dofflrinae</strong></span> <span class='ocrx_word' id='word_1_327' title='bbox 1054 2626 1398 2671; x_wconf 80' lang='lat' dir='ltr'><strong>ARISTOTELls</strong></span> <span class='ocrx_word' id='word_1_328' title='bbox 1427 2623 1479 2669; x_wconf 81' lang='lat' dir='ltr'><strong>de</strong></span> <span class='ocrx_word' id='word_1_329' title='bbox 1515 2626 1678 2684; x_wconf 76' lang='lat' dir='ltr'><strong>origine</strong></span> <span class='ocrx_word' id='word_1_330' title='bbox 1712 2618 1770 2677; x_wconf 57' lang='grc' dir='ltr'><strong>ἓξ</strong></span> <span class='ocrx_word' id='word_1_331' title='bbox 1797 2623 2053 2684; x_wconf 82' lang='lat' dir='ltr'><strong>principatu</strong></span> <span class='ocrx_word' id='word_1_332' title='bbox 2103 2617 2389 2664; x_wconf 79' lang='lat' dir='ltr'><strong>membrorum</strong></span> 
     </span>
     <span class='ocr_line' id='line_1_36' title="bbox 316 2679 2386 2748; baseline -0.001 -17"><span class='ocrx_word' id='word_1_333' title='bbox 316 2684 517 2745; x_wconf 76' lang='lat' dir='ltr'><strong>adversus</strong></span> <span class='ocrx_word' id='word_1_334' title='bbox 556 2683 768 2732; x_wconf 88' lang='lat' dir='ltr'><strong>Venetiis</strong></span> <span class='ocrx_word' id='word_1_335' title='bbox 799 2693 931 2745; x_wconf 87' lang='lat'><strong>1627.</strong></span> <span class='ocrx_word' id='word_1_336' title='bbox 958 2688 1073 2745; x_wconf 44' lang='lat'><strong>4⁰3.</strong></span> <span class='ocrx_word' id='word_1_337' title='bbox 1142 2685 1261 2734; x_wconf 85' lang='lat' dir='ltr'><strong>Fuso</strong></span> <span class='ocrx_word' id='word_1_338' title='bbox 1291 2703 1428 2748; x_wconf 88' lang='lat' dir='ltr'><strong>opere</strong></span> <span class='ocrx_word' id='word_1_339' title='bbox 1463 2687 1807 2733; x_wconf 73' lang='lat' dir='ltr'>ARISTOTELIS</span> <span class='ocrx_word' id='word_1_340' title='bbox 1846 2681 2117 2730; x_wconf 87' lang='lat' dir='ltr'><strong>sententiam</strong></span> <span class='ocrx_word' id='word_1_341' title='bbox 2149 2679 2386 2735; x_wconf 78' lang='lat' dir='ltr'><strong>defendit3</strong></span> 
     </span>
     <span class='ocr_line' id='line_1_37' title="bbox 317 2743 2389 2812; baseline -0.002 -16"><span class='ocrx_word' id='word_1_342' title='bbox 317 2764 398 2796; x_wconf 82' lang='lat' dir='ltr'><strong>cor</strong></span> <span class='ocrx_word' id='word_1_343' title='bbox 417 2750 610 2796; x_wconf 88' lang='lat' dir='ltr'><strong>unicum</strong></span> <span class='ocrx_word' id='word_1_344' title='bbox 633 2764 858 2811; x_wconf 87' lang='lat' dir='ltr'><strong>organum</strong></span> <span class='ocrx_word' id='word_1_345' title='bbox 884 2752 1091 2812; x_wconf 73' lang='lat' dir='ltr'><strong>princeps</strong></span> <span class='ocrx_word' id='word_1_346' title='bbox 1119 2749 1228 2805; x_wconf 86' lang='lat' dir='ltr'><strong>effe,</strong></span> <span class='ocrx_word' id='word_1_347' title='bbox 1258 2751 1311 2798; x_wconf 87' lang='lat' dir='ltr'><strong>in</strong></span> <span class='ocrx_word' id='word_1_348' title='bbox 1342 2768 1396 2798; x_wconf 92' lang='lat' dir='ltr'><strong>eo</strong></span> <span class='ocrx_word' id='word_1_349' title='bbox 1421 2748 1625 2797; x_wconf 78' lang='lat' dir='ltr'><strong>habitare</strong></span> <span class='ocrx_word' id='word_1_350' title='bbox 1653 2764 1811 2795; x_wconf 86' lang='lat' dir='ltr'><strong>omnes</strong></span> <span class='ocrx_word' id='word_1_351' title='bbox 1830 2744 2095 2800; x_wconf 83' lang='lat' dir='ltr'><strong>facultates,</strong></span> <span class='ocrx_word' id='word_1_352' title='bbox 2132 2762 2279 2807; x_wconf 88' lang='lat' dir='ltr'><strong>neque</strong></span> <span class='ocrx_word' id='word_1_353' title='bbox 2308 2743 2389 2792; x_wconf 90' lang='lat' dir='ltr'><strong>he-</strong></span> 
     </span>
     <span class='ocr_line' id='line_1_38' title="bbox 316 2809 2389 2876; baseline -0.002 -16"><span class='ocrx_word' id='word_1_354' title='bbox 316 2829 399 2875; x_wconf 80' lang='lat' dir='ltr'><strong>par</strong></span> <span class='ocrx_word' id='word_1_355' title='bbox 422 2828 643 2861; x_wconf 86' lang='lat' dir='ltr'><strong>venarum</strong></span> <span class='ocrx_word' id='word_1_356' title='bbox 671 2811 752 2860; x_wconf 79' lang='lat' dir='ltr'><strong>effe</strong></span> <span class='ocrx_word' id='word_1_357' title='bbox 783 2814 1087 2875; x_wconf 84' lang='lat' dir='ltr'><strong>principium,</strong></span> <span class='ocrx_word' id='word_1_358' title='bbox 1125 2831 1292 2861; x_wconf 86' lang='lat' dir='ltr'><strong>nervos</strong></span> <span class='ocrx_word' id='word_1_359' title='bbox 1315 2813 1435 2876; x_wconf 89' lang='lat' dir='ltr'><strong>ipsos</strong></span> <span class='ocrx_word' id='word_1_360' title='bbox 1460 2832 1485 2862; x_wconf 89' lang='lat' dir='ltr'><strong>a</strong></span> <span class='ocrx_word' id='word_1_361' title='bbox 1519 2814 1653 2860; x_wconf 90' lang='lat' dir='ltr'><strong>corde</strong></span> <span class='ocrx_word' id='word_1_362' title='bbox 1682 2811 1908 2874; x_wconf 87' lang='lat' dir='ltr'><strong>originem</strong></span> <span class='ocrx_word' id='word_1_363' title='bbox 1932 2809 2114 2858; x_wconf 68' lang='lat' dir='ltr'><strong>habere.</strong></span> <span class='ocrx_word' id='word_1_364' title='bbox 2202 2809 2389 2871; x_wconf 82' lang='lat' dir='ltr'><strong>Experi-</strong></span> 
     </span>
     <span class='ocr_line' id='line_1_39' title="bbox 315 2877 1340 2932; baseline 0 -7"><span class='ocrx_word' id='word_1_365' title='bbox 315 2890 474 2926; x_wconf 87' lang='lat' dir='ltr'><strong>menta</strong></span> <span class='ocrx_word' id='word_1_366' title='bbox 498 2878 654 2932; x_wconf 79' lang='lat' dir='ltr'><strong>nulla,</strong></span> <span class='ocrx_word' id='word_1_367' title='bbox 689 2877 827 2926; x_wconf 66' lang='lat' dir='ltr'><strong>dictio</strong></span> <span class='ocrx_word' id='word_1_368' title='bbox 856 2877 969 2925; x_wconf 87' lang='lat' dir='ltr'><strong>dura</strong></span> <span class='ocrx_word' id='word_1_369' title='bbox 995 2880 1036 2925; x_wconf 75' lang='grc' dir='ltr'>ἃ</span> <span class='ocrx_word' id='word_1_370' title='bbox 1066 2877 1340 2925; x_wconf 85' lang='lat' dir='ltr'><strong>scholastica.</strong></span> 
     </span>
    </p>
   </div>
   <div class='ocr_carea' id='block_1_9' title="bbox 317 2938 2388 3085">
    <p class='ocr_par' dir='ltr' id='par_1_10' title="bbox 317 2938 2388 3085">
     <span class='ocr_line' id='line_1_40' title="bbox 449 2938 2388 3020; baseline -0.002 -13"><span class='ocrx_word' id='word_1_371' title='bbox 449 2958 612 3007; x_wconf 82' lang='lat' dir='ltr'><strong>Recusi</strong></span> <span class='ocrx_word' id='word_1_372' title='bbox 648 2958 753 3008; x_wconf 83' lang='lat' dir='ltr'><strong>sunt</strong></span> <span class='ocrx_word' id='word_1_373' title='bbox 783 2960 924 3008; x_wconf 85' lang='lat' dir='ltr'><strong>libelli</strong></span> <span class='ocrx_word' id='word_1_374' title='bbox 949 2976 1054 3007; x_wconf 86' lang='lat' dir='ltr'><strong>cum</strong></span> <span class='ocrx_word' id='word_1_375' title='bbox 1084 2960 1221 3006; x_wconf 90' lang='lat' dir='ltr'><strong>titulo</strong></span> <span class='ocrx_word' id='word_1_376' title='bbox 1259 2960 1311 3006; x_wconf 92' lang='lat' dir='ltr'><strong>C.</strong></span> <span class='ocrx_word' id='word_1_377' title='bbox 1340 2961 1429 3006; x_wconf 82' lang='lat' dir='ltr'><strong>CR.</strong></span> <span class='ocrx_word' id='word_1_378' title='bbox 1463 2958 1515 3005; x_wconf 82' lang='lat' dir='ltr'><strong>de</strong></span> <span class='ocrx_word' id='word_1_379' title='bbox 1548 2956 1685 3006; x_wconf 78' lang='lat' dir='ltr'><strong>calido</strong></span> <span class='ocrx_word' id='word_1_380' title='bbox 1710 2938 1866 3005; x_wconf 60' lang='lat' dir='ltr'><strong>&#39;innato</strong></span> <span class='ocrx_word' id='word_1_381' title='bbox 1897 2955 1957 3014; x_wconf 56' lang='grc' dir='ltr'><strong>ἓξ</strong></span> <span class='ocrx_word' id='word_1_382' title='bbox 1979 2957 2139 3017; x_wconf 62' lang='lat' dir='ltr'><strong>semine</strong></span> <span class='ocrx_word' id='word_1_383' title='bbox 2156 2970 2244 3020; x_wconf 84' lang='lat' dir='ltr'><strong>pro</strong></span> <span class='ocrx_word' id='word_1_384' title='bbox 2269 2957 2388 3004; x_wconf 73' lang='lat' dir='ltr'>ARI-</span> 
     </span>
     <span class='ocr_line' id='line_1_41' title="bbox 317 3020 2388 3085; baseline -0.001 -16"><span class='ocrx_word' id='word_1_385' title='bbox 317 3037 552 3074; x_wconf 69' lang='lat' dir='ltr'><strong>sToTaLE</strong></span> <span class='ocrx_word' id='word_1_386' title='bbox 591 3024 789 3085; x_wconf 76' lang='lat' dir='ltr'><strong>adversus</strong></span> <span class='ocrx_word' id='word_1_387' title='bbox 817 3025 1077 3072; x_wconf 80' lang='lat' dir='ltr'>GALENUM</span> <span class='ocrx_word' id='word_1_388' title='bbox 1113 3022 1264 3069; x_wconf 81' lang='lat' dir='ltr'><strong>Leidae</strong></span> <span class='ocrx_word' id='word_1_389' title='bbox 1289 3029 1428 3081; x_wconf 59' lang='lat'><strong>1634.</strong></span> <span class='ocrx_word' id='word_1_390' title='bbox 1458 3020 1580 3069; x_wconf 88' lang='lat'><strong>16.*.</strong></span> <span class='ocrx_word' id='word_1_391' title='bbox 1672 3022 1884 3070; x_wconf 84' lang='lat' dir='ltr'><strong>Calidum</strong></span> <span class='ocrx_word' id='word_1_392' title='bbox 1924 3024 2134 3070; x_wconf 85' lang='lat' dir='ltr'><strong>innatum</strong></span> <span class='ocrx_word' id='word_1_393' title='bbox 2176 3038 2202 3068; x_wconf 89' lang='lat' dir='ltr'><strong>a</strong></span> <span class='ocrx_word' id='word_1_394' title='bbox 2239 3022 2388 3067; x_wconf 87' lang='lat' dir='ltr'><strong>calore</strong></span> 
     </span>
    </p>
   </div>
   <div class='ocr_carea' id='block_1_10' title="bbox 316 3084 2385 3181">
    <p class='ocr_par' dir='ltr' id='par_1_11' title="bbox 316 3084 2385 3181">
     <span class='ocr_line' id='line_1_42' title="bbox 316 3084 2385 3181; baseline -0.002 -44"><span class='ocrx_word' id='word_1_395' title='bbox 316 3089 575 3139; x_wconf 76' lang='lat' dir='ltr'><strong>elementali</strong></span> <span class='ocrx_word' id='word_1_396' title='bbox 598 3105 698 3139; x_wconf 86' lang='lat' dir='ltr'><strong>non</strong></span> <span class='ocrx_word' id='word_1_397' title='bbox 720 3084 915 3140; x_wconf 72' lang='lat' dir='ltr'><strong>differre.</strong></span> <span class='ocrx_word' id='word_1_398' title='bbox 985 3090 1149 3140; x_wconf 83' lang='lat' dir='ltr'><strong>Semen</strong></span> <span class='ocrx_word' id='word_1_399' title='bbox 1169 3085 1362 3138; x_wconf 84' lang='lat' dir='ltr'><strong>feminas</strong></span> <span class='ocrx_word' id='word_1_400' title='bbox 1380 3102 1480 3136; x_wconf 88' lang='lat' dir='ltr'><strong>non</strong></span> <span class='ocrx_word' id='word_1_401' title='bbox 1498 3085 1680 3136; x_wconf 85' lang='lat' dir='ltr'><strong>habere.</strong></span> <span class='ocrx_word' id='word_1_402' title='bbox 2204 3119 2385 3181; x_wconf 79' lang='lat' dir='ltr'><strong>EJusn.</strong></span> 
     </span>
    </p>
   </div>
  </div>
 </body>
</html>
