2556 3442
321 155 384 201 90
498 126 500 128 ’
894 115 897 120 ’
980 141 1262 195 t..113.1.
1364 110 1705 193 GRAEcr.

325 295 488 328 venam
521 277 827 342 spermaticam
853 280 880 326 a'
903 280 1047 327 renali
1074 276 1269 324 deducit.
1339 275 1464 329 Citat
1493 274 1618 322 hunc
1642 277 1672 324 l.
1699 275 1944 323 GALENUS
1979 277 2010 324 l.
2033 293 2069 325 c.
2102 278 2368 328 interaudi-

327 345 510 405 quiores
535 361 572 392 ο.
599 356 638 391 1.
677 346 720 392 δι
744 344 909 405 repetit
933 360 971 390 c.
994 354 1035 398 3.
1073 353 1172 388 tum
1207 342 1257 387 in
1282 339 1310 385 l.
1340 338 1393 385 de
1412 352 1520 386 arte.
2027 373 2030 375 >
2337 368 2342 371 <

457 441 631 491 Prodiit
647 438 826 487 seorfim
843 435 1528 495 Anton.FoRToLointerprete
1561 434 1692 483 Paris.
1721 439 1854 494 1526.
1872 443 1940 495 4⁰.
1975 433 2098 483 Bam.
2120 448 2251 494 1529.
2273 436 2369 491 8⁹3*

317 506 373 558 N&
396 520 498 560 cum
531 504 585 552 iis
616 512 703 566 'quae
728 501 882 549 medice
911 501 1022 548 diela
1049 517 1076 546 a
1103 499 1294 546 Tnvxfflo
1326 498 1457 558 Lyon
1483 510 1616 557 1550.
1655 503 1713 554 8⁸.
1752 516 1854 546 cum
1885 499 1983 546 aliis
2013 499 2174 547 libellis
2204 501 2371 546 ibidem

332 573 466 626 1551.
510 568 648 614 16⁰.*.
740 565 897 611 Codex
921 580 1089 625 graecus
1111 560 1262 607 exstat
1290 561 1340 607 in
1371 560 1417 607 B.
1448 560 1505 608 R.
1533 563 1578 608 P.
1610 579 1656 609 n.
1683 569 1835 622 2164.
1858 561 2094 610 hebraicus
2131 564 2181 609 in
2219 563 2373 612 Vindo-

326 630 490 688 bonenfi
515 632 564 678 L.
581 631 616 676 Ι.
645 646 685 689 p.
710 635 811 681 181.
1755 655 1763 661 .

460 727 532 771 An
548 724 722 785 sanguis
749 727 793 768 in
819 725 993 769 arteriis
1026 732 1188 767 natura
1224 724 1509 767 contineatur.
1576 722 1644 768 Ex
1668 721 1927 768 melioribus
1953 723 2149 768 GALENI
2181 720 2372 781 opuscu-

327 790 409 841 lis,
453 789 506 832 ab
534 785 629 846 ipso
667 787 852 832 citatum
878 785 931 830 de
953 783 1024 830 lib.
1048 795 1204 846 propr.
1239 799 1275 829 c.
1300 797 1345 839 9.
1381 785 1423 829 &
1454 785 1504 829 in
1530 785 1558 830 l.
1591 785 1644 829 de
1671 797 1765 830 arte
1784 819 1796 837 ,
1849 785 1899 830 in
1938 801 2028 844 quo
2063 787 2260 830 multum
2298 784 2371 831 de-

329 853 396 897 dit
426 850 852 910 experimentorum.
920 848 1038 893 Cum
1070 848 1191 892 enim
1222 847 1598 893 ERASISTRATUS
1628 845 1832 906 spiritum
1854 864 1931 907 per
1956 848 2137 894 arterias
2158 845 2263 893 ferri
2288 847 2364 893 do-

330 912 512 964 cuiffet3
575 913 812 959 GALENUS
841 922 992 957 autem
1030 910 1083 955 de
1112 909 1274 957 arteria
1308 908 1446 955 incisa
1477 926 1662 956 omnem
1693 910 1828 957 etiam
1862 926 2081 956 venarum
2104 908 2368 971 sanguinem

328 992 407 1037 per
428 977 596 1023 vulnus
626 973 822 1036 prosilire
853 972 1138 1025 ostendiffet5
1189 974 1523 1019 ERASISTRATI
1542 973 1725 1018 demum
1745 972 1978 1020 sectatores
1994 970 2213 1034 effugium
2238 975 2288 1019 in
2315 990 2368 1020 eo

328 1038 654 1099 quaefiviffent‚
700 1037 908 1098 spiritum
943 1037 1104 1083 arteria
1144 1034 1321 1096 pertusa
1350 1051 1580 1095 erumpere
1609 1035 1903 1089 invisibilem,
1947 1038 1997 1082 in
2019 1038 2226 1083 arteriam
2259 1053 2366 1083 vero

328 1104 384 1148 de
411 1103 628 1162 proximis
651 1103 776 1148 venis
808 1099 1072 1161 sanguinem
1104 1099 1354 1151 confluere,
1392 1099 1548 1144 multis
1570 1101 1886 1157 experimentis
1904 1099 2027 1145 hunc
2055 1117 2249 1145 errorem
2273 1102 2368 1146 GA-

329 1179 490 1220 LENUS
519 1164 745 1212 refutavit.
813 1165 869 1210 In
888 1164 1048 1209 arteria
1066 1162 1282 1221 utrinque
1300 1161 1461 1222 ligata,
1498 1173 1651 1207 tamen
1679 1159 1944 1220 sanguinem
1970 1163 2183 1221 reperiri:
2222 1170 2369 1209 aerem

328 1245 425 1276 non
447 1230 600 1275 venire
630 1228 685 1274 ad
711 1244 814 1280 cor,
851 1225 934 1273 nifi
957 1225 1074 1273 forte
1102 1223 1429 1285 pauciffimum.
1515 1224 1659 1270 Alteri
1693 1224 1874 1284 quidem
1910 1225 2217 1284 experimento
2244 1224 2371 1271 'erro-

327 1309 460 1339 neam
496 1293 756 1352 opinionem
784 1289 1049 1350 superstruit
1071 1307 1082 1334 :
1120 1289 1214 1334 vim
1237 1287 1656 1348 nempe-motricem
1674 1303 1697 1332 a
1723 1287 1855 1332 corde
1878 1287 1927 1332 in
1951 1288 2133 1334 arterias
2156 1283 2368 1342 diffundi,

329 1368 384 1404 ut
408 1355 450 1402 se
477 1355 675 1416 pandant
703 1357 746 1401 ἃ,
768 1352 975 1415 spiritum
1002 1351 1245 1398 adtrahant
1273 1351 1372 1408 (n).
1438 1351 1670 1411 Nuperior
1695 1349 1755 1396 est
1776 1350 1890 1396 libro
1917 1350 1971 1396 de
1985 1351 2174 1412 placitis.

453 1452 624 1499 Prodiit
646 1467 748 1497 cum
770 1449 1006 1496 nonnullis
1033 1448 1131 1494 aliis
1151 1447 1312 1494 libellis
1346 1445 1480 1494 Paris.
1507 1453 1640 1504 1536.
1658 1444 1738 1493 fol.
1773 1459 1977 1493 vertente
1997 1448 2039 1509 J.
2067 1433 2366 1503 GUiNTHER,

330 1517 372 1564 δι
395 1514 571 1561 seorsim
594 1516 836 1574 interprete
868 1514 1029 1561 Viffore
1050 1512 1446 1565 TRINCAVELLIO
1482 1510 1697 1572 Lugduni
1727 1522 1860 1570 1550.
1902 1514 1990 1558 12⁰.
2058 1511 2211 1559 Vertit
2235 1513 2370 1560 etiam
2392 1529 2396 1532 ·
2439 1535 2442 1538 ·

324 1581 467 1635 Julius
488 1581 798 1626 MARTiAuus
828 1577 996 1624 Rom.
2168 1589 2177 1592 -

387 1692 424 1726 8-
449 1680 516 1723 De
543 1678 790 1722 anatomicis
816 1669 1251 1733 adntinfflrationihus
1283 1671 1400 1718 libri.

454 1774 694 1819 GALENUS
715 1770 888 1817 dudum
906 1768 1027 1815 aliud
1055 1785 1169 1828 opus
1196 1767 1247 1814 de
1266 1771 1516 1814 anatomicis
1537 1766 1969 1827 administrationibus
1994 1764 2222 1827 scripserat:
2242 1769 2368 1817 libris

325 1836 519 1889 duobus
547 1836 602 1881 ad
624 1834 826 1883 MAR1N1
854 1833 1057 1878 ordinem
1089 1833 1411 1877 concinnatum
1430 1865 1441 1884 ,
1477 1829 1557 1876 sub
1577 1831 1705 1876 initia
1737 1831 2012 1890 principatus
2040 1833 2105 1877 M.
2138 1838 2369 1881 ANTONI-

324 1916 397 1949 NI.
463 1901 606 1947 Nunc
633 1910 813 1958 petente
839 1894 1035 1942 Consule
1059 1895 1140 1941 FL.
1169 1896 1414 1947 Romulo,
1451 1895 1524 1940 cui
1559 1895 1720 1939 multas
1745 1893 1997 1940 ostenderat
2026 1893 2369 1941 administratio-

326 1981 421 2017 nes,
455 1964 597 2023 majus
627 1978 739 2021 opus
765 1960 1021 2006 elaboravit.
1089 1958 1211 2004 Citat
1239 1958 1360 2004 idem
1386 1959 1435 2003 in
1463 1959 1491 2004 l.
1520 1957 1572 2003 de
1601 1957 1694 2004 ord.
1720 1957 1795 2018 leg.
1819 1958 1916 2003 libr.
1987 1958 2098 2003 Inde
2129 1957 2200 2003 his
2231 1958 2367 2003 etiam

327 2029 451 2075 libris
478 2042 554 2086 per
576 2024 839 2071 incendium
865 2020 1028 2069 amiffis
1056 2022 1263 2068 meliores
1292 2022 1513 2072 reddidit,
1551 2017 1755 2106 studiofis
1786 2021 1895 2067 viris
1929 2020 2235 2081 flagitantibus
2269 2024 2364 2081 (o).

329 2092 454 2137 Citat
479 2091 528 2136 in
551 2091 580 2135 l.
611 2087 662 2133 de
695 2099 800 2133 arte.

450 2185 624 2232 Verum
651 2184 794 2230 statim
807 2183 853 2229 in
868 2181 1088 2243 principio
1105 2179 1312 2235 ostendit,
1350 2195 1482 2241 quem
1507 2183 1626 2225 arcia
1641 2178 1777 2225 fuerit
1801 2179 2028 2224 veteribus
2044 2192 2275 2225 anatomes
2301 2179 2367 2225 di·
2416 2194 2425 2199 ²

325 2250 496 2300 scendae
509 2246 690 2295 occasio.
731 2245 910 2294 Offium
926 2246 1047 2291 enim
1059 2243 1268 2290 fabricam
1287 2244 1705 2303 Alexandriaejubet
1719 2241 1985 2295 condiscere,
1999 2242 2081 2288 ubi
2103 2241 2272 2289 Medici
2291 2258 2367 2288 au-

327 2315 550 2362 ditoribus
576 2310 660 2357 offa
683 2310 946 2356 ostendant:
981 2307 1023 2354 se
1049 2309 1121 2353 vel
1150 2324 1204 2352 ex
1237 2305 1480 2365 sepulchris
1511 2306 1598 2352 offa
1626 2304 1821 2351 habuifl'e
1845 2323 1856 2350 :
1905 2307 1978 2350 vel
2016 2303 2116 2351 casu
2155 2303 2361 2358 favente,

327 2396 419 2441 quo
452 2376 616 2422 fluvius
646 2372 927 2433 sepulchrum
961 2370 1155 2423 eluiss'et,
1192 2383 1246 2416 ut
1275 2369 1366 2416 sola
1399 2370 1522 2416 nuda
1550 2368 1636 2415 offa
1657 2367 1924 2428 supereffent
1944 2402 1956 2421 ‚
1996 2369 2162 2414 iterum
2184 2385 2286 2414 cum
2305 2370 2365 2414 la-

327 2441 473 2489 tronis
500 2439 686 2485 cadaver
715 2438 762 2482 in
803 2437 874 2482 via
907 2435 1169 2481 vulturibus
1199 2431 1300 2480 effet
1332 2432 1596 2494 expolitum.
1665 2431 1841 2477 Deinde
1869 2431 1922 2477 ad
1951 2430 2178 2478 musculos
2205 2431 2272 2476 uti
2293 2432 2366 2491 ju-

324 2506 404 2552 bet
428 2502 551 2550 fimia
580 2501 796 2546 brevioris
829 2499 983 2558 capitis
1006 2532 1018 2551 ‚
1056 2496 1267 2543 dentibus
1293 2497 1466 2543 caninis
1499 2511 1594 2542 non
1618 2493 1798 2541 exsertis
1814 2529 1826 2547 ‚
1864 2493 1941 2541 etsi
1962 2493 2015 2540 sit
2040 2497 2171 2541 etiam
2197 2493 2266 2540 his
2285 2494 2365 2540 ali-

326 2585 416 2630 qua
446 2569 496 2613 in
526 2562 737 2611 musculis
765 2563 886 2608 tibiae
906 2596 917 2615 ,
961 2563 1100 2621 inque
1127 2561 1311 2607 cervicis
1331 2595 1343 2613 ‚
1393 2562 1434 2606 δι
1461 2559 1645 2605 femoris
1683 2557 1965 2605 commifl'ura
2002 2558 2056 2603 ab
2091 2556 2274 2602 homine
2300 2557 2364 2604 di-

324 2629 520 2680 versitas.
589 2628 645 2673 In
669 2626 888 2685 principio
914 2623 956 2670 se
982 2623 1126 2670 simias
1156 2624 1252 2669 aliis
1287 2623 1554 2669 diss'ecandas
1592 2620 1848 2681 permiliss'e‚
1890 2621 2010 2680 quod
2051 2621 2256 2666 viliorem
2283 2637 2364 2680 pu-

285 2682 297 2695 ’
325 2695 489 2742 taverit
515 2689 596 2738 effe
626 2690 820 2735 laborem
839 2722 850 2739 ,
894 2688 1054 2732 deinde
1088 2685 1234 2746 ipsum
1279 2685 1507 2732 incidisse:
1568 2698 1618 2731 ut
1646 2684 1762 2730 nihil
1792 2684 2039 2743 quidquam
2071 2683 2124 2728 de
2164 2682 2363 2729 hominis

325 2759 538 2806 cadavere
561 2753 617 2800 ad
643 2751 932 2813 speculandos
959 2748 1183 2796 musculos
1214 2749 1355 2797 inciso
1385 2749 1652 2795 meminerit.
1740 2748 1793 2795 Se
1834 2749 1935 2793 octo
1973 2744 2201 2793 musculos
2237 2746 2364 2855 iige-

2222 2825 2272 2856 m
2307 2825 2330 2855 e
2349 2842 2362 2862 ,

373 2929 441 2978 (n)
468 2924 625 2976 Repetit
650 2923 689 2962 in
717 2920 803 2963 VH.
834 2920 1050 2971 administr.
1081 2920 1146 2961 sub
1174 2922 1239 2963 fin.

380 2983 443 3032 (o)
472 2980 649 3027 Boni-10
683 2974 815 3013 Romae
849 2974 1005 3012 vivente
1025 2972 1099 3011 lib.
1128 2972 1249 3021 scripsi
1278 2971 1326 3010 de
1353 2970 1559 3014 Hmocn.
1591 2978 1796 3017 anatome,
1829 2970 1865 3009 ἃ
1894 2968 2214 3018 Eusururn,
2248 2969 2285 3009 ἃ
2313 2966 2361 3009 de

480 3031 584 3077 vivis
595 3026 773 3082 secandis
810 3026 846 3066 ἃ
885 3024 932 3064 de
962 3028 1153 3069 mortuiss
1184 3026 1238 3066 de.
1257 3020 1517 3076 respirationis
1545 3036 1617 3063 cau
1634 3038 1685 3072 υ,
1715 3024 1763 3062 de
1789 3035 1884 3061 voce.
2205 3053 2208 3055 Α
