2556 3442
316 184 414 247 566-
689 183 830 232 2113.
878 183 963 232 Π.
1031 150 1491 249 ΑΝῙΜΑμυΜ
1536 176 2003 231 INCISIONES.
2044 194 2056 199 ·

619 279 623 282 ›
659 309 708 369 S·
747 311 939 360 DXII·
978 309 1054 367 'J‚
1089 313 1274 374 Baptista
1308 308 1367 357 du
1399 310 1607 358 HAMEL.
1674 308 1717 372 J.
1746 308 2026 360 Ronamxr.
2108 377 2111 381 .

440 432 488 487 J.
519 431 706 493 Baptista
722 428 1009 483 duHAMEL‚
1048 428 1251 476 Clericus
1267 462 1278 481 ,
1314 443 1470 475 amans
1488 426 1728 474 conciliare
1749 443 1854 474 cum
1879 428 2145 481 CARTEslo
2172 438 2377 487 vetere30'

312 495 386 544 vir
403 494 632 542 modestus
655 497 696 542 &
719 509 750 540 a·
771 493 930 541 litibus
950 494 1140 547 alienus,
1179 493 1489 540 Cancellarius
1508 489 1712 538 Ecclefiae
1736 491 1987 553 Bajocenfis
2011 495 2053 539 ἃ
2074 510 2206 541 novae
2227 496 2379 543 Scien-

312 561 482 608 tiarum
506 559 759 607 Academiae
784 556 992 605 Parisinae
1017 574 1042 604 a
1066 556 1260 604 secretis.
1329 558 1450 618 Ejus
1483 555 1534 603 de
1560 555 1756 617 consensu
1779 559 1934 605 vetere}
1966 554 2025 614 ἓξ
2057 574 2174 604 novae
2195 556 2379 620 Philoso-

306 622 415 688 phiae
436 624 544 673 libri
562 621 644 670 IV.·
675 621 949 684 prodierunt
977 623 1134 669 Oxon.
1161 625 1296 677 1669.
1322 634 1368 680 4.
1391 623 1433 667 &
1458 621 1534 675 8.*
1557 626 1693 679 1675.
1730 619 1825 676 8.*‚
1861 623 1911 669 in
1931 622 2146 684 operibus
2164 623 2379 672 omnibus

314 691 357 737 δι
384 684 667 737 aliasrecufi.
736 688 827 735 Hic
854 687 934 735 vix
961 685 1211 746 quidquam
1240 685 1294 731 ad
1322 701 1418 731 rem
1443 684 1641 730 nostram
1667 683 1790 734 facit.
2454 698 2458 703 ’

438 771 618 833 EJUSD.
653 768 705 816 de
728 781 901 831 corpore
927 771 1117 814 animato
1147 767 1195 813 L.
1213 766 1296 812 IV.
1330 763 1466 812 Paris.
1494 772 1629 824 1673.
1658 778 1729 815 12.
1767 770 1808 815 &
1842 771 1893 816 in
1921 768 2135 831 operibus
2164 768 2382 819 omnibus

309 834 582 896 Noribergae
609 839 742 890 1681.¹
770 834 862 891 4.*.
949 832 1018 878 Ex
1043 831 1258 890 nuperiS‚
1297 830 1563 878 STssNomo
1589 832 1632 876 &
1660 831 1932 882 ermsxo
1962 847 2098 894 atque
2127 851 2182 880 ex
2203 833 2382 896 scriptis

309 898 564 950 Academiae
597 897 897 947 Scientiarum
925 893 1006 941 sua
1034 892 1127 940 fere
1153 892 1319 947 habet3
1365 909 1464 940 non
1492 893 1668 941 alienus
1690 896 1744 941 ab
1773 895 2126 957 hypothesibus,
2164 901 2206 946 &
2232 897 2383 947 fervo-

310 964 440 1012 ribus
464 963 580 1009 acidi
605 976 710 1009 cum
739 961 869 1007 alcali
894 975 949 1006 eo
973 957 1127 1006 seculo
1156 957 1518 1005 dominantibus.
1589 959 1659 1004 De
1695 957 1895 1007 sensibus
1922 963 2015 1022 agit
2052 965 2095 1009 &
2134 963 2189 1009 de
2216 965 2383 1010 volun-

309 1029 427 1076 tario
453 1038 599 1074 motu.
667 1023 904 1073 Musculos
936 1023 1210 1085 vegetabiles
1249 1039 1327 1084 per
1351 1020 1597 1069 siccitatem
1621 1023 1671 1069 in
1699 1026 1851 1070 aetum
1878 1024 2017 1077 cieri3
2064 1027 2281 1075 animales
2303 1043 2384 1090 pet

308 1090 510 1140 succum.
579 1091 647 1138 Ut
670 1089 913 1151 epidermis
935 1100 1243 1150 regeneratur.
1313 1088 1556 1149 Unguium
1583 1103 1687 1134 cum
1710 1086 1849 1150 spinis
1879 1091 2160 1151 conparatio·

438 1175 514 1237 EJ.
550 1176 755 1235 Quattuor
779 1171 808 1219 l.
840 1170 892 1218 de
914 1182 1051 1218 mente
1078 1167 1265 1217 humana
1299 1167 1434 1217 Paris.
1459 1175 1596 1228 1672.
1619 1182 1693 1218 12.

439 1257 515 1318 EJ.
552 1255 603 1302 de
633 1267 861 1317 corporum
882 1253 1178 1316 adfhfflonibm
1203 1265 1295 1300 tam
1314 1252 1540 1313 manifestis
1562 1270 1690 1315 quam
1714 1253 1883 1302 occultis
1909 1252 2043 1302 Paris
2065 1258 2201 1313 1670.
2225 1254 2381 1309 L.11.;

309 1320 518 1370 eontinet
554 1320 689 1367 etiam
719 1321 962 1367 tractatum
996 1319 1050 1366 de
1091 1316 1305 1365 sensuum
1348 1317 1566 1379 objeffls,
1618 1318 1880 1374 coloribus,
1929 1319 2176 1374 odoribus,
2218 1317 2388 1381 sapori-

309 1386 401 1435 bus
419 1420 432 1441 ,
460 1383 598 1432 sonis.

437 1469 515 1530 EJ.
550 1468 742 1530 Historia
755 1463 996 1514 Academia:
1010 1468 1147 1528 Regia
1160 1467 1446 1514 Scientiarum
1467 1465 1589 1512 Paris
1607 1471 1742 1522 1698.
1758 1467 1836 1526 4*
1872 1469 1914 1514 &
1938 1468 2114 1515 auctius
2135 1479 2270 1526 1701.
2299 1465 2386 1526 4.*

307 1531 648 1646 Lasiiifisiiiffum
688 1531 1019 1594 compendium
1050 1546 1239 1585 eorum,
1286 1545 1389 1591 quae
1421 1530 1472 1577 in
1503 1530 1745 1579 Academia
1786 1531 1842 1579 ab
1874 1547 1947 1580 an.
1983 1536 2120 1581 1666.
2159 1533 2215 1580 ad
2247 1539 2384 1590 1699.

309 1615 362 1662 ge
564 1634 574 1646 .

436 1680 620 1739 ,Iacobus
644 1681 905 1730 ROHAULT
944 1676 1120 1739 scripsit
1147 1679 1321 1726 Gallice
1366 1681 1521 1726 Traitd
1557 1677 1610 1726 de
1635 1676 1839 1743 phyfique
1878 1676 1937 1736 ἓξ
1966 1697 2126 1727 oeuvres
2152 1676 2387 1742 posthumes

305 1743 429 1796 Paris
446 1753 586 1807 1671.
602 1759 649 1806 4.
687 1746 845 1795 2.Vol.
882 1743 1020 1791 latine
1041 1741 1225 1790 versum
1256 1746 1297 1791 &
1317 1743 1491 1790 editum
1514 1760 1618 1790 curn
1645 1746 1768 1791 notis
1799 1745 2000 1792 Samuelis
2020 1745 2228 1792 CLARRE
2264 1746 2387 1792 Lon-

309 1811 404 1859 din.
433 1822 568 1870 1710.
594 1809 689 1866 8.*.
763 1811 944 1867 Qarta
970 1825 1070 1869 pars
1096 1819 1194 1855 tota
1219 1809 1420 1869 pertinet
1452 1807 1508 1855 ad
1538 1825 1705 1869 corpus
1740 1807 2020 1864 humanum,
2071 1811 2113 1857 &
2139 1820 2385 1856 anatomen

310 1876 554 1939 conjungit
583 1892 689 1923 cum
726 1871 1026 1935 physiologia.
1095 1873 1153 1920 In
1187 1873 1237 1920 L.
1260 1873 1295 1920 Ι.
1326 1872 1382 1919 de
1413 1870 1629 1919 sensuum
1654 1873 1841 1935 objedtis
1869 1875 1911 1921 &
1934 1876 2110 1921 ratione
2130 1871 2384 1928 sentiendi,
2422 1888 2425 1890 ’

309 1950 412 1990 tum
436 1940 491 1990 de
515 1937 692 1992 vifione
712 1939 851 1988 etiam
882 1935 1192 2001 potiffirnum,
1228 1937 1284 1985 de
1314 1938 1437 1985 oculi
1461 1935 1631 1986 fabrica
1656 1939 1698 1985 &
1718 1938 1906 1987 videndi
1938 1938 2093 1987 modo.

857 2065 904 2127 S.
943 2066 1168 2117 DXIII.
1258 2069 1469 2116 Antonius
1500 2067 1853 2123 Motma'rn,

439 2185 676 2243 Venetus,
712 2182 932 2234 successor
948 2184 1226 2233 VESLINGn
1262 2183 1352 2248 (f)
1368 2219 1380 2239 ‚
1412 2199 1511 2231 non
1537 2182 1784 2246 indiligens
1809 2180 2002 2238 incisor,
2036 2198 2140 2230 cum
2156 2197 2254 2244 quo
2281 2186 2388 2232 ana-'

311 2263 436 2300 tome
459 2252 680 2301 Patavina
706 2253 818 2299 adeo
846 2250 1033 2299 celebris
1049 2283 1062 2304 ,
1099 2265 1214 2311 pene
1238 2247 1387 2310 sopita
1406 2249 1567 2311 periit,
1604 2247 1757 2310 quoad
1784 2265 1809 2296 a
1837 2246 2158 2299 MORGAGNO
2177 2245 2388 2297 suscitata

310 2316 495 2365 revixit.
564 2318 696 2365 Prius
721 2318 819 2380 ers
836 2316 925 2364 viri
950 2331 1065 2376 opus
1089 2313 1199 2362 sunt
1220 2311 1552 2377 Dzffi’rtationes
1577 2317 1828 2361 anatomicae
1856 2311 1915 2370 &³
1932 2311 2208 2377 patholagicae
2228 2313 2280 2360 de
2288 2312 2387 2374 sen-

276 2428 283 2431 ,
301 2380 412 2442 fibus
437 2378 497 2438 Εό
520 2398 664 2429 eorum
690 2382 856 2445 organis
887 2381 1041 2428 Patav.
1072 2386 1208 2437 1669.
1237 2377 1335 2439 4.*.
1405 2380 1494 2427 Hic
1522 2377 1781 2426 musculum
1822 2379 2095 2439 peculiarem
2139 2375 2351 2426 describit
2370 2408 2405 2434 ,-

311 2448 395 2508 qui
423 2462 528 2493 cum
551 2445 795 2494 trochleari
826 2446 1162 2508 conjungatur,
1201 2446 1244 2493 ἃ
1273 2461 1368 2492 una
1395 2444 1443 2491 in
1476 2445 1662 2491 oculum
1692 2441 1941 2497 inseratur,
1972 2460 1997 2490 a
2024 2444 2384 2491 Fr.BA1.DU1No

313 2509 662 2558 demonstratus.
731 2511 945 2558 Retinam
979 2511 1186 2558 tunicam
1226 2510 1282 2557 ad
1319 2512 1492 2558 lentem
1522 2508 1827 2570 crystallinam
1869 2525 1894 2555 a
1931 2507 2149 2556 musculis
2183 2507 2386 2555 externis

311 2574 513 2686 adducissz
538 2591 564 2622 a
590 2574 864 2637 proceffibus
891 2576 1121 2625 ciliaribus
1150 2576 1392 2625 removeri.
1479 2575 1720 2624 Ambitum
1755 2573 1893 2622 lentis
1924 2573 2192 2637 crystallinae
2222 2571 2388 2634 ellipti-

311 2655 419 2688 cum
444 2656 467 2687 e
504 2656 543 2687 e.

361 2780 363 2783 ι
441 2722 520 2785 EJ.
558 2717 882 2785 Dtffi’rtationes’
904 2722 1484 2788 mzatomt'co—pathologicae‚
1520 2722 1663 2787 quibus
1693 2723 1878 2787 corpocm
1902 2718 2077 2770 humani
2088 2731 2240 2783 partes
2263 2724 2389 2767 aecta

311 2786 519 2846 ratiffi'me
541 2785 843 2847 describuntur
874 2788 1039 2836 Venet.
1061 2796 1195 2848 1675.
1222 2789 1320 2850 4.*.
1390 2790 1581 2838 Morbos
1600 2805 1705 2837 cum
1731 2800 1943 2835 anatome
1967 2785 2172 2848 partium,
2191 2786 2388 2846 conjun-

314 2853 411 2915 git,
459 2868 607 2913 neque
644 2850 810 2914 absque
844 2853 1036 2899 utilibus
1073 2855 1480 2908 adnotationibus,
1528 2852 1808 2917 potiffimum
1844 2850 2125 2913 chirurgicis.
2195 2848 2387 2898 Sensum

315 2931 609 2965 communem
648 2917 701 2966 in
722 2929 891 2981 ponte,
943 2916 1131 2968 minime
1168 2919 1359 2970 absurde
1395 2920 1651 2971 collocavit.
1744 2914 1978 2966 Tendines
2020 2911 2180 2964 obtuse
2217 2913 2386 2963 sentire

316 2982 517 3030 monuit,

2225 3040 2387 3092 Codex

333 3164 340 3169 -
367 3141 442 3197 (f)
470 3131 678 3188 Tomsm
707 3156 748 3198 p.
774 3155 864 3197 304.
