2556 3442
1233 13 1254 25 ⁴-

306 143 368 186 60
967 134 1142 180 LIB.
1210 133 1250 178 I.
1350 125 1685 176 GRAECI.

305 273 458 324 habet.
531 273 770 321 Calamum
803 270 1010 318 medullae
1038 269 1292 328 oblongatae
1321 266 1436 313 dixit
1470 265 1574 324 (x),
1611 265 1654 311 ἃ
1673 273 1883 323 quartum
1905 262 2212 310 ventriculum
2236 261 2260 318 (
2263 264 2351 324 y).

307 338 490 385 Nervos
525 338 755 384 voluntati
797 335 1056 381 obedientes
1098 349 1124 378 a
1162 332 1343 378 cerebro
1383 332 1425 376 ἃ
1473 328 1670 374 medulla
1703 325 1862 386 spinali
1895 327 1970 384 (z)
2015 326 2137 372 nasci
2178 327 2353 378 docuit.

308 402 522 448 Retinam
541 402 744 448 tunicam
757 402 807 445 in
821 400 954 445 oculo
970 396 1149 443 invenit
1165 398 1206 441 &
1220 392 1563 440 arachnoideam
1579 396 1653 449 (a)
1669 426 1680 437 .
1731 389 1872 435 Venae
1890 387 2112 436 arteriosae
2127 392 2169 437 ἃ
2184 393 2357 437 arteriae

310 462 489 511 venosae
525 480 694 511 nomen
720 460 937 522 imposuit
972 460 1068 520 (b).
1137 459 1193 504 In
1227 455 1359 517 pulsu
1387 456 1743 500 contractionem
1781 454 1949 514 percipi
1985 453 2083 512 (c).
2165 454 2358 500 Auricu-

315 531 378 577 las
414 530 493 589 (d)
523 545 605 589 pro
632 528 778 574 cordis
809 526 1011 585 partibus
1041 522 1234 580 accepit,
1282 519 1332 564 in
1364 517 1509 563 cordis
1543 518 1737 563 valvulis
1772 517 2076 576 negligentior
2104 514 2195 572 (e).
2286 517 2358 563 De

310 593 533 654 principio
557 606 776 638 venarum
806 589 998 647 ambigit
1032 583 1146 645 (f).
1214 579 1442 641 Eephyfin
1473 580 1713 626 duodecim
1752 581 2001 639 digitorum
2043 583 2162 626 red'te
2198 577 2360 626 descri-

309 654 396 717 psit
431 656 538 717 (g).
626 653 813 713 Hepatis
846 653 896 696 in
922 649 1192 695 animalibus
1217 647 1455 691 varietates
1490 643 1631 695 dixit,
1673 643 1951 703 potiffimum
1977 645 2026 689 in
2052 645 2201 703 lepore
2237 642 2356 700 (h).

310 721 464 766 Venas
499 717 583 773 (i)
617 716 830 763 intestina
863 713 1079 758 adeuntes
1109 712 1159 755 in
1193 705 1456 769 glandulosa
1491 706 1697 765 quaedam
1736 723 1925 766 corpora
1959 708 2073 752 dixit
2096 708 2356 759 terminari,

313 800 384 830 eas
408 782 620 829 intestina
649 781 837 825 nutrire.
905 778 989 822 Eas
1022 789 1156 820 venas
1183 787 1261 831 per
1288 768 1391 816 vasa
1428 771 1566 814 lactea
1588 770 1974 828 interpretantur,
2023 769 2255 816 obscurius
2293 782 2360 817 ta-

312 863 417 892 men
446 849 797 892 HEROPHILUM
827 856 876 885 ea
911 836 1044 889 vasa,
1096 851 1231 895 quam
1265 835 1651 880 ERASISTRATUS
1686 831 1922 892 defiguass‘e
1953 845 2125 879 certum
2160 834 2235 879 est.
2303 835 2363 880 In.

311 910 515 969 partibus
549 906 819 968 genitalibus
846 904 1084 960 utriusque
1114 898 1245 944 sexus
1272 899 1511 958 diligenter
1541 894 1738 941 versatus
1769 895 1844 941 est.
1931 897 2124 942 Uterum
2162 898 2359 955 gravidae

311 972 491 1018 feminae
516 983 620 1017 ante
653 979 831 1028 partum
862 972 919 1011 ne'
952 964 1104 1010 stilum
1133 962 1315 1022 quidem
1356 961 1589 1006 admittere
1625 957 1725 1017 (k).
1813 958 2080 1005 Par-astaram
2107 959 2362 1006 adenojdffl

313 1035 452 1087 dixit,
489 1033 570 1093 qui
599 1031 685 1078 fint
709 1033 759 1076 in
794 1030 992 1075 maribus
1028 1026 1124 1086 (l),
1159 1022 1383 1072 varicosos
1409 1040 1517 1069 vero
1537 1022 1778 1082 parastatas
1805 1023 1884 1081 qui
1912 1021 2094 1082 poffunt
2123 1021 2204 1068 effe
2232 1021 2361 1070 semi.

314 1099 436 1144 nales
472 1097 562 1153 (m)
598 1093 816 1141 vesiculae.
886 1093 954 1138 Ex
985 1092 1184 1137 GALENI
1214 1102 1366 1134 tamen
1396 1086 1545 1132 verbis
1573 1087 1706 1131 etiam
1736 1087 1909 1132 cellulae
1937 1084 2135 1138 fuerint,
2175 1089 2225 1137 in
2250 1103 2362 1146 quas

313 1163 474 1208 duCtus
488 1158 705 1210 deferens,
737 1158 874 1203 etiam
899 1157 948 1201 in
963 1170 1086 1206 cane,
1109 1152 1165 1199 ad
1184 1149 1336 1198 vesicae
1356 1152 1529 1196 exitum
1554 1147 1863 1195 contrahitur:
1900 1162 2069 1208 partem
2099 1150 2224 1195 enim
2248 1150 2360 1197 vasis

306 1224 536 1271 seminalis
550 1224 886 1269 HEROPHJLUS
913 1230 1071 1270 vocat,
1101 1216 1181 1276 qui
1195 1214 1411 1275 parastata
1440 1211 1493 1259 sit
1516 1210 1760 1258 varicosus.
1822 1212 2104 1272 Epididymis
2121 1212 2363 1261 inventum

316 1288 375 1334 est
397 1289 706 1335 HEROPHILI.
767 1283 1058 1330 Feminarum
1075 1281 1128 1326 ab
1158 1291 1290 1325 utero
1320 1288 1535 1323 exeuntes
1559 1277 1608 1321 in
1632 1277 1710 1321 ilia
1735 1274 1957 1336 proceffus
1978 1292 2083 1321 cum
2110 1276 2266 1322 circuli
2296 1294 2362 1323 re-

315 1351 552 1398 volutione
588 1349 663 1406 (n)
699 1346 989 1407 comparavit.
1058 1345 1252 1391 Uterum
1275 1342 1324 1387 in
1349 1341 1428 1393 iis,
1459 1356 1559 1400 quae
1588 1351 1875 1400 pepererunt,
1899 1338 2061 1399 asperae
2088 1341 2258 1386 arteriae
2277 1342 2365 1388 ini-

312 1415 378 1461 tio
408 1426 486 1461 aut
515 1412 670 1474 polypi
702 1411 838 1471 capiti
865 1408 1052 1455 fimilem
1075 1406 1174 1453 fieri
1206 1406 1303 1463 (ο).
1387 1406 1549 1451 Semen
1579 1402 1854 1450 femininum
1886 1405 1970 1465 (p)
2003 1401 2256 1450 extrorsum
2282 1405 2364 1451 do-

315 1479 412 1524 cuit
439 1473 626 1523 effundi.
695 1473 849 1521 Testes
878 1473 1086 1519 arteriam
1112 1469 1275 1516 habere
1311 1468 1365 1514 ab
1397 1480 1544 1514 utem.
1614 1467 1668 1513 In
1700 1468 1940 1513 nonnullis
1979 1467 2246 1515 mulieribus
2287 1469 2362 1530 (q)

315 1553 512 1602 quatuor
540 1537 642 1586 vasa
672 1535 837 1584 venosa
868 1537 1008 1588 vidit,
1061 1551 1161 1595 quae
1203 1549 1229 1579 a
1263 1532 1491 1579 renalibus
1529 1528 1640 1577 vasis
1673 1531 1729 1578 ad
1759 1544 1942 1577 uterum
1973 1531 2210 1586 venirent,
2258 1532 2362 1580 vassi

315 1621 476 1666 nempe
501 1602 775 1665 spermatica.

443 1702 500 1747 In
532 1698 787 1760 fragmento
822 1694 918 1754 (ν)
955 1694 1078 1755 quod
1115 1694 1377 1741 COCCHIUS
1424 1691 1591 1745 edidit,
1638 1691 1931 1753 ligamentum
1973 1702 2088 1738 teres
2120 1689 2362 1749 describit,

315 1764 439 1826 quod
472 1781 527 1810 ex
559 1764 702 1823 capite
742 1760 926 1808 semoris
961 1761 1055 1805 exit
1088 1759 1138 1804 in
1172 1757 1454 1803 acetabulum
1474 1790 1486 1809 ,
1535 1758 1577 1802 Sc
1621 1757 1900 1802 luxationem
1930 1755 2027 1815 ejus
2065 1753 2167 1802 offis
2206 1756 2365 1805 sanum

315 1828 530 1888 impedit,
572 1827 782 1885 idemque
818 1836 1006 1884 ruptum
1042 1823 1202 1881 nequit
1230 1820 1480 1867 restaurari.
1569 1822 1678 1877 Quo
1711 1821 1811 1866 loco
1844 1831 1995 1866 tamen
2029 1820 2366 1869 HEROPHILUS

316 1908 475 1940 verum
518 1893 814 1951 ligamentum
841 1904 962 1947 νευςον
997 1898 1145 1932 vocat.

443 1989 514 2034 De
543 1987 685 2033 oculis
716 1987 843 2032 locus
868 1983 927 2029 est
953 1982 1074 2044 apud
1099 1982 1304 2028 Arnum
1338 1981 1398 2028 II.
1435 1991 1475 2035 3.
1504 1985 1580 2038 46.

446 2085 588 2131 Nunc
614 2082 670 2128 ad
700 2079 1018 2142 physiologica.
1086 2080 1143 2126 In
1166 2076 1394 2124 seminalia
1419 2075 1523 2124 vasa
1547 2076 1811 2137 sanguinem
1841 2078 1996 2123 venire
2013 2112 2024 2130 ,
2060 2080 2101 2124 &
2128 2078 2278 2126 eundo
2306 2082 2366 2126 al-

316 2146 491 2194 bescere
527 2146 593 2204 (s)
624 2146 812 2197 docuit;
859 2161 1005 2204 neque
1034 2142 1164 2189 testes
1198 2143 1395 2188 multum
1413 2141 1469 2187 ad
1495 2143 1832 2201 generationem
1852 2139 2057 2188 conferre
2092 2143 2182 2201 (t).
2247 2144 2368 2190 Cau-

317 2210 384 2258 sas
406 2213 616 2258 motrices
643 2208 724 2255 effe
749 2210 799 2255 in
824 2210 974 2255 nervis
993 2242 1005 2261 ‚
1042 2205 1254 2253 musculis
1270 2239 1283 2258 ,
1314 2206 1485 2252 arteriis
1527 2204 1631 2263 (u).

2182 2268 2366 2318 Pulsum

370 2336 436 2385 (Χ)
464 2335 694 2387 Adming'flr.
725 2334 769 2376 L.
793 2334 865 2378 IX.
897 2347 930 2377 C.
958 2348 992 2381 ς.
1029 2330 1084 2384 us.
1113 2341 1218 2384 part.
1247 2331 1350 2373 VIII.
1381 2345 1412 2373 c.
1441 2345 1500 2372 11.
1663 2330 1726 2381 (y)
1756 2329 1855 2374 Ibid.

371 2391 434 2439 (z)
463 2389 604 2428 Rurus
634 2388 700 2427 Ill.
732 2388 798 2428 fin.
952 2388 1009 2433 (a)
1037 2387 1174 2433 lnEN,
1203 2385 1228 2424 l.
1254 2398 1289 2429 c.
1447 2384 1511 2434 (b)
1540 2382 1666 2427 lum.

375 2443 436 2490 (c)
467 2441 632 2484 GALEN,
664 2438 826 2491 dignosc.
846 2435 944 2489 puls.
970 2438 1014 2482 L.
1041 2439 1070 2481 l.
1101 2452 1137 2481 e.
1160 2451 1194 2490 3.

375 2494 440 2542 (d)
470 2493 633 2532 GALEN.
660 2491 852 2542 administ.
884 2491 950 2534 VI.
979 2504 1014 2531 e.
1042 2501 1110 2530 11.Α

372 2547 433 2595 (e)
462 2545 629 2587 GALEN.
660 2547 795 2584 Placit.
825 2544 865 2586 L.
881 2543 946 2585 VI.
977 2556 1011 2585 c,
1034 2549 1069 2584 6.
1128 2542 1263 2584 Cordis
1289 2539 1629 2582 discriminationes
1652 2539 1752 2580 dixit
1779 2539 1880 2580 Han.
1909 2538 1958 2580 ib.
1983 2539 2012 2586 l.
2043 2552 2076 2585 c.
2097 2553 2158 2582 10.

373 2598 438 2647 (f)
467 2597 567 2639 Ibid.
598 2609 631 2636 e⁴
655 2611 686 2643 ς.
839 2597 901 2646 (g)
929 2595 1027 2635 Ibid.
1060 2610 1093 2641 c.
1119 2610 1157 2646 9.
1187 2604 1284 2639 uter.
1313 2590 1398 2647 diffi
1426 2594 1455 2635 Ι.
1603 2593 1668 2645 (h)
1696 2592 1798 2636 lbid,
1827 2605 1860 2637 c.
1883 2599 1920 2639 8.

376 2651 427 2699 (i)
464 2651 554 2691 Util,
583 2657 685 2700 part.
715 2647 779 2686 IV.
812 2660 920 2697 c.19.

372 2703 438 2751 (k)
466 2703 631 2742 GALEN,
655 2699 735 2750 fac.
769 2709 901 2738 natur.
931 2699 976 2742 L.
994 2699 1062 2740 III.
1091 2712 1126 2742 c.
1150 2710 1184 2750 3·

373 2754 426 2804 (1)
473 2753 564 2793 Uti'l.
591 2762 697 2803 part,
734 2752 774 2793 L.
795 2752 864 2790 lx.
896 2765 930 2792 c.
952 2766 1011 2795 ιι.

373 2809 451 2856 (m)
479 2807 644 2846 GALEN.
663 2803 758 2856 fim.
791 2803 819 2845 I.
851 2817 887 2846 c,
907 2809 968 2847 16.

373 2862 437 2907 (n)
474 2860 588 2899 Vulv,
617 2855 702 2911 dzff
731 2870 762 2896 c.
785 2869 818 2905 3.
1140 2853 1204 2902 (o)
1231 2853 1445 2894 Somnus.

373 2914 438 2962 (p)
466 2911 630 2952 GALRN.
662 2913 707 2949 de
735 2905 818 2961 diff
846 2908 949 2946 vulv.
1139 2907 1201 2956 (q)
1229 2906 1328 2960 Diffi
1357 2910 1459 2950 vulv.
1493 2917 1527 2947 c.
1554 2916 1587 2955 ς.

378 2965 434 3012 (r)
462 2963 508 3003 In
536 2962 601 3001 lib.
631 2964 702 3002 dell
725 2969 836 3002 anat.
865 2972 903 3010 p,
931 2967 994 3008 83.

376 3018 432 3065 (s)
462 3016 686 3055 PiuschN.
712 3015 751 3054 L.
775 3013 838 3053 IV.
1001 3009 1053 3059 (t)
1083 3009 1248 3056 (ΞΛιιιΝ,
1277 3013 1322 3052 dc
1339 3009 1480 3064 fimin.

376 3071 440 3120 (u)
468 3068 722 3113 Pam-Asca.
746 3068 878 3118 placit.
907 3061 1027 3107 L.1V.
1057 3075 1092 3106 e,
1112 3074 1176 3108 22.
