2556 3442
567 121 604 171 ς.
645 126 716 172 30.
748 110 1259 162 HEROPHILUs.
1347 125 1419 171 31.
1458 106 1838 174 EU'DEMus.
2181 134 2240 178 ει

315 251 501 301 Pulsum
533 269 559 299 a
591 249 897 313 superioribus
938 247 1123 296 medicis
1164 251 1420 312 neglectum
1455 266 1661 301 accurate
1686 263 2013 321 contemplatus
2046 264 2136 321 est,
2183 278 2240 316 ut

188 319 247 366 ob
274 317 574 367 subtilitatem
607 318 686 373 (x)
715 326 868 360 tamen
901 311 1172 360 musicarum
1205 315 1439 360 rationum
1470 316 1525 361 ab
1544 333 1598 363 eo
1618 317 1924 370 adhibitarum
1944 333 2106 389 nuperi
2131 347 2237 379 eum

184 383 388 429 laborem
415 380 701 428 deseruerint.
769 376 837 422 Ita
867 374 1079 423 definivit
1102 389 1156 424 ut
1184 378 1457 432 GALENUS‚
1505 396 1597 426 non
1629 393 1684 429 ut
1717 384 2077 439 H1PPOCRATES
2115 397 2232 455 (y),

184 444 369 494 Pulsum
396 463 422 492 a
451 443 583 491 corde
613 439 695 488 effe
728 437 836 496 (ὣς
886 455 940 485 ex
967 440 1100 487 corde
1136 457 1213 500 per
1236 441 1414 488 tunicas
1440 445 1536 489 vim
1559 445 1609 491 in
1641 447 1825 493 arterias
1854 465 2034 498 manare
2052 489 2063 507 ‚
2106 460 2235 519 cujus

188 526 272 569 ope
302 509 410 555 dum
437 506 779 555 distenduntur,
812 503 1017 563 undique
1049 503 1292 551 adtrahant
1327 507 1435 564 (a).
1504 507 1721 556 Pulsuum
1744 513 2008 559 varietatem
2038 519 2237 575 prosecu-

185 560 269 618 tus*
292 571 366 618 est.
437 569 784 628 Palpitationem
810 584 834 612 a
868 565 999 626 pulsu
1026 565 1248 627 separavit
1284 568 1388 628 (h).
1471 570 1527 615 In
1562 571 1694 632 pulsu
1727 573 1933 622 distinxit
1968 584 2238 638 magnitudi.

186 651 321 688 nem,
369 632 666 683 celeritatem,
715 629 1051 677 vehementiam
1081 633 1124 677 &
1149 629 1418 691 rhythmum
1453 633 1552 692 (c).
1635 637 1768 683 Dixit
1813 637 1990 698 pulsum
2022 644 2205 701 plenum
2225 680 2237 698 ,

186 715 277 758 quo
291 710 446 743 tamen
469 695 660 740 nornine
673 694 916 740 GALENUS
942 706 1072 755 putat
1098 696 1252 754 potius
1279 697 1487 743 crebrum
1506 698 1767 746 intellexisse
1781 701 1882 756 (d),
1920 705 2104 763 plenum
2121 708 2241 754 enim

183 758 361 820 pulsum
387 759 455 816 (e)
479 758 840 806 HEROPHILUM
860 771 997 818 negat
1009 757 1185 804 habere.
1254 758 1603 808 vehementiam
1627 780 1652 809 a
1669 763 1834 811 robore
1848 767 1998 813 vitalis
2013 766 2242 817 facultatis

182 821 369 869 deduxit
406 820 523 882 (f).
591 822 793 882 Tempus
824 822 961 867 etiam
996 822 1047 868 in
1072 820 1205 883 pulsu
1241 822 1554 873 consideravit.
1626 828 1942 888 Caprizantem
1970 831 2087 878 dixit
2120 835 2238 895 (g),

310 919 582 966 Pulmonem
613 918 812 965 naturali
835 920 1040 979 appetitu
1072 921 1273 973 moveri,
1319 933 1373 968 ut
1407 923 1604 969 animam
1645 924 1839 972 adducat
1881 929 1924 973 ὃς
1959 928 2148 976 reddat:
2197 933 2240 978 &

183 994 380 1044 quatuor
404 984 454 1029 in
480 981 771 1043 respiratione
806 994 958 1029 motus
985 982 1091 1037 effe,
1130 984 1239 1030 dum
1263 992 1409 1031 aerem
1436 999 1676 1034 externum
1706 991 1863 1048 pulmo
1887 992 2048 1052 recipit
2072 1011 2084 1038 ε
2132 994 2243 1040 dum

181 1047 303 1107 quod
337 1048 497 1107 accipit
528 1046 584 1092 ad
617 1049 771 1106 pectus
804 1059 1067 1106 permanat:
1119 1047 1229 1094 dum
1259 1052 1544 1096 contractum
1587 1068 1611 1096 a
1643 1055 1821 1111 pectore
1851 1053 2002 1101 rursus
2038 1058 2200 1117 accipit
2225 1076 2238 1103 ε

180 1112 290 1157 dum
329 1123 561 1171 receptum
601 1108 854 1156 extrorsum
891 1112 1116 1172 propellit.
1205 1112 1436 1173 Adparet,
1483 1113 1650 1174 putaffe
1679 1132 1824 1163 aerem
1862 1133 1917 1164 ex
1946 1120 2164 1179 pulmone
2189 1123 2240 1168 in

179 1176 373 1235 pectoris
415 1191 576 1221 cavum
608 1170 783 1220 effundi
819 1172 921 1232 (h),

312 1271 597 1318 Humoribus
630 1282 841 1317 caeterum
867 1269 973 1317 solis
1006 1273 1048 1318 &
1074 1270 1278 1320 sanitatis
1303 1272 1602 1335 phaenomena
1640 1276 1829 1332 tribuit,
1877 1280 1919 1326 &
1953 1280 2126 1335 morbi,
2171 1282 2241 1329 uti

182 1348 430 1397 praeceptor
460 1336 555 1396 ejus
583 1336 918 1383 PRAXAGORAS
959 1335 1045 1395 (i).

310 1433 521 1492 Denique
548 1443 691 1478 artem
723 1428 814 1477 fere
841 1432 1060 1480 incertam
1086 1431 1166 1480 effe
1192 1432 1388 1495 scripfit,
1426 1438 1468 1483 ὃς
1495 1434 1757 1489 obscuram,
1806 1455 1920 1500 pene
1958 1440 2014 1488 ad
2046 1440 2240 1503 Pyrrho-

179 1498 365 1544 niorum
394 1512 567 1542 morem
601 1494 702 1554 (k).

894 1631 937 1690 §.
975 1635 1022 1681 X
1034 1635 1082 1681 X
1097 1635 1145 1683 X
1159 1635 1195 1682 Ι.
1299 1636 1520 1684 Eudemus.

310 1730 556 1842 EthDEMUs
591 1730 656 1790 (l)
692 1744 850 1779 caetera
883 1747 1045 1792 parum
1081 1743 1246 1787 notus,
1295 1749 1319 1780 a
1347 1735 1563 1784 GALENO
1587 1735 1707 1784 inter
1731 1736 2052 1789 instauratores
2082 1754 2238 1789 anato-

178 1810 272 1842 mes
302 1811 349 1841 re
372 1807 509 1842 ertur.

310 1890 497 1939 Cirrhos
527 1892 644 1940 dixit
679 1892 771 1952 (m)
811 1891 1032 1954 proceffus
1063 1894 1118 1940 ab
1148 1906 1280 1941 utero
1315 1896 1371 1941 ad
1404 1909 1595 1957 utraque
1629 1897 1707 1944 ilia
1742 1897 1930 1946 emissos.
2016 1903 2237 1963 Quinque

180 1954 261 2003 effe
292 1955 380 2002 offa
400 1958 642 2017 metacarpi
664 1959 706 2004 ὃς
732 1957 971 2011 metatarfi‚
1005 1958 1097 2004 duo
1123 1976 1233 2004 vero
1263 1961 1436 2019 pollicis
1465 1963 1507 2007 Sc
1536 1960 1752 2015 hallucis,
1792 1967 1907 2010 recte
1939 1964 2122 2019 docuit,
2171 1982 2237 2012 ar-

179 2032 397 2082 gumento
429 2019 516 2066 offa
556 2019 756 2067 humana
792 2034 997 2068 accurate
1041 2021 1121 2082 ipfi
1153 2021 1377 2083 perspecta
1414 2023 1539 2072 fuisse
1573 2025 1676 2083 (n).
1750 2025 1844 2073 Effe
1875 2027 2112 2077 officulum
2142 2046 2239 2090 per-

182 2086 396 2145 exiguum
427 2084 551 2145 quod
575 2086 827 2132 acromium
853 2087 1019 2133 dicitur
1053 2091 1149 2142 (o),
1185 2088 1336 2133 minus
1370 2088 1498 2134 bene.
1568 2088 1646 2135 ⁴In
1675 2090 1900 2138 intestinis
1933 2091 2117 2139 succum
2143 2092 2239 2139 sali-

182 2163 252 2194 vae
290 2147 476 2194 similem
509 2166 563 2195 ex
592 2150 690 2197 aliis
725 2150 952 2211 glandulis
978 2151 1133 2197 venire
1162 2151 1436 2206 GALENUS,
1474 2153 1528 2200 de
1559 2153 1725 2215 quibus
1754 2154 1860 2202 inde
1890 2156 1944 2203 ab
1972 2158 2238 2206 HEROPHI-

1225 2216 1272 2261 H
1308 2227 1331 2271 3
2174 2235 2237 2268 Lo

236 2333 300 2384 (x)
330 2334 438 2375 Prm
477 2336 519 2381 L.
540 2338 611 2379 Χῖ.
641 2352 679 2389 p.
715 2345 801 2391 633.
875 2341 1015 2383 Contra
1056 2350 1182 2381 tamen
1221 2341 1308 2389 ista,
1344 2343 1472 2392 potius
1514 2344 1628 2384 nimis
1661 2344 1844 2386 subtiliter
1876 2346 1916 2385 in
1941 2346 2048 2399 pulsu
2073 2346 2236 2389 versatos

338 2388 471 2438 fuisse,
502 2392 565 2441 qui
589 2393 670 2442 post
692 2393 985 2434 HEROPIHLUM
1008 2393 1260 2446 scripserupt,
1292 2395 1498 2436 GALBNUS
1531 2396 1615 2452 clff
1639 2396 1738 2450 puls.
1766 2398 1832 2439 ΠΙ.
1866 2411 1899 2443 c.
1920 2412 1954 2445 1.

233 2439 296 2490 (y)
325 2440 447 2483 Hirr.
477 2444 512 2482 ἃ
537 2444 663 2486 ΡιΑτ,
688 2448 822 2485 decret,
854 2447 896 2489 L.
914 2448 979 2491 VJ.
1012 2460 1043 2489 c.
1066 2460 1097 2485 1.

235 2494 297 2541 (z)
334 2495 423 2533 Util.
452 2494 549 2547 puls
585 2498 621 2535 &
647 2496 730 2548 siff
750 2498 846 2550 puls]
877 2499 998 2544 LIV.
1031 2513 1064 2540 c.
1085 2513 1120 2542 2.

232 2545 291 2593 (a)
320 2546 487 2590 Gmrw.
518 2548 602 2600 diff:
625 2547 721 2601 pugl]
755 2550 794 2590 L⁴
815 2552 880 2594 [V.
914 2565 950 2594 C.
973 2567 1001 2594 Ι,
1952 2601 1955 2602 ⁷

232 2597 296 2646 (b)
327 2598 531 2652 Dg'fffpuglss
561 2601 602 2643 L.
623 2602 684 2644 lv,
705 2615 740 2644 ο.
760 2615 795 2643 2.
917 2606 978 2654 (c)
1006 2604 1101 2644 Ibid.
1118 2604 1158 2647 L,
1176 2601 1224 2647 II.
1242 2618 1275 2649 c.
1294 2610 1331 2649 6.
1440 2604 1505 2657 (d)
1532 2605 1632 2651 Ibid.
1655 2605 1703 2648 ad
1718 2606 1782 2649 fin.
1895 2607 1955 2662 (e)
1982 2605 2077 2648 Ibid.
2104 2606 2144 2652 L,
2160 2604 2227 2650 III.

233 2650 297 2698 (f)
327 2651 531 2705 Diffipuffl
557 2653 600 2696 L.
615 2653 679 2695 III.
707 2668 740 2698 c.
758 2667 794 2699 2.
906 2658 968 2708 (g)
997 2657 1095 2702 Ibid.
1121 2657 1160 2698 L.
1182 2656 1213 2700 Ι.
1229 2671 1261 2700 c.
1279 2671 1340 2709 29,

234 2702 299 2751 (h)
326 2704 579 2748 PLUTARCH.
605 2709 736 2756 placit.
766 2708 810 2751 L.
830 2708 892 2749 IV.
925 2723 959 2755 o.
985 2722 1049 2755 22.

231 2755 285 2802 (i)
320 2756 484 2801 GALEN.
515 2759 722 2798 introdud'l.

236 2806 300 2854 (k)
328 2808 491 2849 Samus
522 2814 566 2849 in
592 2812 784 2854 Mathem.

234 2857 457 2958 {l))Pbaclit
489 2863 619 2968 {iffa
653 2866 689 2904 ἀ
711 2865 841 2910 PLAT.
872 2865 1034 2913 LVIII.
1050 2879 1082 2908 c.
1100 2879 1133 2909 x.
1190 2867 1338 2911 Eodem
1351 2875 1623 2921 temporecum
1638 2869 1830 2912 HnRoPH.
1857 2873 1997 2911 Comm.
2013 2868 2140 2919 apher,
2161 2864 2225 2911 Vl.

258 2923 297 2948 m
385 2927 464 2956 uv.
517 2930 530 2953 l
562 2947 570 2957 .
603 2929 636 2960 c,
673 2928 707 2965 3.

231 2962 300 3009 (nl
338 2964 430 3007 Util.
455 2976 560 3016 part.
588 2968 629 3010 L.
653 2969 721 3011 ΙΙΙ.
752 2983 787 3015 c.
807 2978 841 3018 8.

175 3068 178 3069 γ
234 3013 478 3064 (0)Ru1=us.
