2556 3442
521 121 570 182 §-
610 127 702 187 364
739 129 936 186 -364
1005 124 1350 176 snmus.
1417 125 1873 186 PEIRESCIUs.
2138 146 2223 194 391

182 256 319 314 1641.
342 252 423 313 4*
450 253 592 309 edita,
629 269 730 304 tum
749 256 855 304 alias
871 287 883 310 ,
919 258 960 303 &
985 254 1310 314 Qedlinburg
1327 259 1462 312 1706.
1480 257 1555 309 8.*
1574 261 1813 309 numerosa
1829 276 2127 312 monumenta
2148 281 2224 312 ex-

175 319 295 365 stant
319 317 612 374 curiositatis,
651 322 785 367 etiam
808 320 1086 366 anatomicae.
1155 318 1332 364 Oculos
1357 319 1581 377 plurimos
1616 320 1829 371 dissecuit.
1901 328 2146 388 Imaginem
2172 332 2225 377 in

173 383 322 429 retina
335 382 642 444 repraesentari
653 384 769 431 vidit
784 402 797 435 3
836 385 878 429 &
891 382 1004 428 duos
1019 382 1226 441 angulos,
1242 380 1408 440 quibus
1422 383 1473 428 in
1487 381 1669 442 thynno
1684 386 1779 432 lens
1793 388 2043 446 crystallina
2056 391 2226 439 susten-

178 457 330 493 tatur:
367 450 703 495 convexitatem
715 448 812 506 ejus
830 445 964 491 lentis
978 445 1028 490 in
1042 445 1176 492 variis
1188 445 1637 494 animalibusvariam
1653 452 1984 509 contemplatus
1998 454 2071 501 cst.
2110 457 2229 503 Ima..

174 511 302 570 gines
327 510 605 558 clathrorum
620 525 771 557 coram
793 509 936 554 oculis
950 506 1029 554 fibi
1043 508 1325 569 aliquamdiu
1337 506 1551 571 supereffe
1576 524 1787 572 expertus
1807 513 1881 560 est.
1951 515 2229 566 Chamaeleo..

175 576 249 621 nis
278 574 602 635 phaenomena,
633 571 873 619 officulum
908 572 1039 632 cujus
1074 589 1160 632 ope
1198 573 1402 632 linguam
1433 573 1559 622 suam
1583 576 1831 637 gubernat:
1872 577 1971 638 ejus
1999 594 2223 631 anatome.

175 638 438 685 Testudinis
478 649 720 684 anatome:
770 636 998 696 epiglottis
1030 637 1181 689 nulla,
1227 635 1390 697 asperae
1425 640 1599 701 arteriae
1634 642 1750 687 rami
1780 642 1984 702 undique
2014 642 2071 688 ad
2099 660 2226 693 renes

175 701 318 763 usque
346 705 388 749 ὃς
413 699 600 748 veficam
623 697 755 753 misti,
784 700 992 759 geminus
1011 700 1173 747 ductus
1199 699 1520 750 choiedochus.
1589 703 1707 752 Vasa
1723 707 1863 752 lactea
1884 705 1935 752 in
1952 704 2143 752 homine
2162 709 2229 754 vi-

180 764 252 820 sa,
299 765 420 826 quod
453 764 680 824 primum,
716 762 801 810 nifi
815 761 974 817 fallor,
1010 765 1059 811 in
1085 763 1271 811 homine
1290 768 1550 827 exemplum
1573 767 1649 816 est.
1719 770 1945 817 Caeterum
1967 767 2232 817 diffiniula-ri

178 831 352 889 nequit,
385 830 427 875 &
463 845 518 875 ex
547 831 634 875 aevi
659 828 775 875 vitio
807 826 1009 875 excusari
1044 828 1190 882 debet,
1220 830 1308 875 viri
1333 832 1589 885 credulitas,
1626 833 1707 893 qui
1730 835 1903 882 catulos
1925 845 2057 896 putat
2074 835 2126 883 in
2137 835 2232 883 uri-

176 909 235 940 na
257 892 443 955 reperiri
469 891 736 946 hominum,
766 909 880 954 quos
899 891 1084 941 rabidus
1118 894 1241 940 canis
1269 895 1522 944 momordit
1555 895 1661 955 (d).

865 1027 912 1086 §-
951 1030 1314 1078 CCCLXVI.
1420 1034 1560 1080 Varii.
2039 1099 2043 1101 λ

313 1126 400 1176 The
424 1127 665 1190 abstemious
695 1127 769 1189 life
797 1126 851 1188 of
866 1131 1019 1187 Hem-y
1052 1128 1283 1181 Wsm,
1318 1125 1413 1176 who
1452 1128 1571 1177 lived
1592 1142 1670 1191 44.
1693 1149 1825 1193 years
1867 1133 2018 1193 unsbm
2048 1146 2091 1184 to
2126 1151 2232 1197 any,

180 1192 325 1243 Lond.
353 1197 488 1251 1637.
517 1206 561 1252 4.
597 1194 756 1241 Rom.
792 1192 825 1239 fi
854 1191 945 1238 huc
975 1191 1096 1238 facit.

311 1273 618 1335 Beschreibung
654 1273 746 1320 und
769 1272 1018 1335 Erziihlung
1057 1274 1161 1320 aller
1191 1273 1364 1322 Glieder
1400 1273 1471 1323 des
1502 1276 1796 1336 menschlichen
1829 1286 2013 1344 Karpers
2060 1283 2240 1346 Danzig

184 1343 321 1397 1637.
348 1351 419 1386 12.
454 1339 706 1400 Nurnberg
727 1342 861 1397 1646.
886 1350 956 1385 12.
991 1339 1198 1386 Bonum.
1457 1342 1463 1348 ”

308 1420 517 1467 Emanuel
537 1417 827 1467 MARTINEZ
842 1455 853 1473 ‚
890 1418 1109 1466 Professor
1139 1420 1482 1481 Complutenfis
1498 1457 1511 1477 ‚
1551 1423 1603 1471 de
1627 1425 1751 1474 rebus
1776 1427 2053 1476 naturalibus
2078 1445 2240 1477 munau

183 1484 399 1532 turalibus
428 1483 487 1540 ἓξ
515 1484 945 1532 contranatzcralibus
980 1485 1030 1531 L.
1046 1485 1129 1531 ΙΙΙ.
1168 1485 1403 1547 Complut.
1426 1492 1562 1546 1637.
1592 1487 1672 1536 fol.
1705 1492 1820 1538 CAR
1842 1492 1895 1539 de
1912 1493 2027 1541 VIL-

307 1564 410 1622 Joh.
429 1567 622 1613 MAsws
650 1566 702 1612 de
728 1563 905 1613 hominis
944 1563 1003 1622 ἓξ
1035 1567 1299 1628 reliquorum
1332 1570 1584 1617 animalium
1614 1589 1667 1618 ex
1689 1573 1848 1632 semine
1867 1579 2139 1637 generatione
2178 1575 2243 1623 di·

179 1629 379 1693 sputavit
408 1629 596 1678 Praefide
630 1628 855 1693 Christoph.
886 1631 1197 1679 TINCTORIO
1236 1632 1499 1693 Regimont.
1523 1642 1659 1694 1637.
1678 1649 1724 1696 4.

314 1714 491 1774 EJUSD.
527 1711 579 1758 de
611 1716 848 1759 mutatione
875 1713 1020 1774 fetu5‚
1062 1729 1190 1773 quam
1227 1725 1348 1760 utero
1388 1713 1525 1763 adhuc
1553 1717 1739 1777 inclusus
1753 1716 1933 1783 fitscipit
1958 1738 1984 1768 a
2015 1719 2245 1784 phantafia

183 1789 381 1826 materna
414 1777 709 1839 Regiomont.
731 1780 865 1835 1640.
884 1789 929 1835 4.
999 1777 1250 1837 Utramque
1278 1776 1417 1826 habet
1442 1781 1714 1830 MOELLER.

310 1864 435 1909 Petri
452 1859 490 1906 le
517 1859 766 1906 MERCIER
801 1860 844 1905 &
872 1857 930 1906 Cl.
958 1858 1165 1906 BREGET
1198 1863 1309 1922 Ergo
1326 1861 1451 1919 jecur
1472 1867 1665 1924 primum
1695 1870 1846 1913 vivens
1879 1865 2015 1914 Paris.
2040 1872 2177 1926 1637.

315 1946 419 1989 Nic.
450 1942 691 1989 RICHARD
723 1942 765 1987 δι
792 1944 924 1987 Dion.
952 1940 1199 2003 JONQUET
1225 1946 1337 2004 Ergo
1360 1961 1522 1991 aurora
1548 1952 1717 1994 veneris
1743 1952 1881 1995 amica
1910 1948 2044 1995 Paris.
2066 1954 2204 2008 1637.

214 2085 272 2134 *s*
315 2027 421 2133 N6ic.
452 2023 665 2071 CAPPON
700 2023 742 2069 δι
778 2022 891 2070 Flor.
927 2024 1189 2072 LANGLOIS
1224 2028 1334 2088 Ergo
1351 2026 1444 2086 sola
1469 2029 1731 2090 menstrualis
1750 2029 1921 2091 femina
1938 2030 2132 2093 fecunda
2169 2032 2247 2079 Pa„

187 2103 300 2136 uns
327 2101 345 2134 1
390 2099 462 2146 37.

316 2173 438 2216 Petri
461 2170 752 2218 CONSTANT
788 2171 829 2216 &
853 2168 960 2217 Rob.
990 2169 1041 2216 de
1055 2166 1327 2222 BQNNAmE
1362 2175 1469 2220 Non
1493 2189 1589 2237 ergo
1605 2173 1922 2237 fhrtunatiores
1946 2175 2143 2232 homines,
2174 2183 2248 2240 quc?

184 2232 348 2294 galeati
369 2233 604 2291 nascuntur
637 2231 770 2281 Paris.
794 2238 930 2293 1637.

321 2319 401 2361 Leo
428 2314 465 2360 le
489 2315 787 2362 Tounnemz
818 2317 860 2362 ὃς
877 2319 976 2370 Jac.
998 2316 1191 2363 GAvols
1227 2320 1338 2379 Ergo
1366 2309 1459 2366 ideo
1481 2319 1652 2368 mulieri
1668 2320 1846 2384 sanguis
1867 2320 2113 2376 redundat,
2149 2328 2249 2386 quia

188 2379 249 2425 ad
269 2378 530 2441 gignendum
555 2378 757 2425 alendum
774 2379 926 2440 faetum
953 2392 1060 2425 nata
1094 2378 1229 2425 Paris.
1262 2386 1395 2440 1637.

317 2465 420 2509 Nic.
445 2461 696 2509 HENAULT
728 2463 770 2508 ἃ
790 2465 890 2516 Jac.
919 2462 1121 2510 GAvms
1149 2465 1259 2527 Ergo
1290 2467 1447 2526 ingenii
1462 2465 1661 2526 stimulus
1682 2470 1752 2517 ira
1785 2465 1922 2519 Paris.
1948 2472 2084 2529 1637.

721 2595 766 2654 §-
802 2598 1198 2648 CCCLXVII.
1301 2599 1402 2657 Joh.
1437 2602 1696 2661 Vnsrme,

328 2693 582 2744 Mindanus
603 2694 908 2756 Westphalus
926 2730 940 2750 ,
976 2697 1216 2745 Patavium
1241 2695 1286 2745 se
1316 2701 1601 2756 contulerat,
1631 2714 1685 2751 ut
1714 2706 1983 2754 anatomicis
2012 2704 2166 2753 studiis
2206 2700 2248 2749 se

192 2758 331 2807 daret.
401 2761 523 2807 Cum
551 2776 660 2806 vero
684 2776 806 2806 anno
834 2763 969 2815 1628.
1007 2761 1279 2822 Respublica
1302 2777 1466 2811 veneta
1490 2762 1667 2816 sumtus
1691 2767 1944 2816 sectionum
1967 2770 2248 2830 publicarum

194 2822 458 2872 detrectaret
491 2821 608 2883 (e),
645 2823 831 2872 Cairum
860 2825 984 2879 abiit,
1023 2824 1220 2875 consulis
1243 2829 1397 2876 veneti
1418 2830 1634 2880 medicus.
1701 2833 1868 2882 Redux
1886 2832 2060 2881 Patavii
2094 2842 2250 2878 anato-

2144 2908 2249 2939 men

249 2992 315 3041 (d)
342 2990 417 3032 Vi‘t.
449 3006 490 3043 p⁶
515 3005 579 3044 74.

245 3046 307 3096 (e)
333 3045 382 3086 ad
407 3045 603 3092 Hamas.
629 3057 683 3099 ep.
714 3051 811 3090 med.
838 3061 934 3116 ³²⁹·
