2556 3442
348 173 442 222 682
709 167 842 212 [ΖΒ.
900 166 986 213 VI.
1053 162 1508 212 ANIMALIUM
1562 160 2032 210 INCISIONES.

478 293 665 355 Adjesta
694 292 755 339 est
773 327 785 346 2
826 291 1097 354 Des'cription
1123 290 1248 337 cl’zme
1273 289 1474 337 oreiffette
1495 287 1555 334 du
1579 305 1687 335 caeur
1717 292 2017 334 extrbmement
2040 286 2206 336 dilate'e.
2243 290 2246 293 ’

475 377 550 437 EJ.
589 377 777 436 Histoire
805 378 1077 435 anatomiqzoe
1106 371 1232 419 cl'mze
1266 375 1442 417 matrice
1474 371 1824 419 extmordinaire
1855 369 1977 416 Paris
1998 376 2130 426 1683.
2157 380 2228 417 12.
2269 369 2330 417 est
2357 370 2398 419 is

347 438 440 503 ipse
467 452 620 501 partus
645 439 870 490 tubarius.
900 439 1020 488 BUR.

414 570 416 573 ,
478 523 656 582 EJUSD‘.
693 521 935 566 Anatomie'
956 517 1008 564 cle
1045 515 1235 564 l'homme
1261 516 1443 576 fitivant
1471 516 1513 562 la
1544 515 1798 562 circulation
1820 515 1879 560 du
1896 513 2007 577 sang
2038 515 2161 561 Paris
2194 521 2316 570 1690
2352 521 2398 568 3.

354 584 492 643 16‘95.
523 592 566 639 8.
591 585 763 631 Tatw.
798 586 932 637 1698.
958 579 1035 634 8.*
1078 588 1211 638 1716.
1229 589 1270 634 8.
1329 586 1522 637 1723.8.
1578 590 1712 635 1729.
1745 585 1785 632 8.
1833 595 1936 624 cum
1969 579 2091 625 notis
2115 580 2158 639 J.
2182 579 2402 626 DEvAux

348 653 699 709 Genevae1696.
719 653 760 700 8.
805 653 937 700 1699.
961 651 1002 697 8.
1032 645 1233 690 MARSH.
1303 645 1460 689 Latine
1478 642 1694 688 Amsterd.
1715 648 1849 698 1696.
1883 655 1927 701 4.
1966 644 2142 688 HEIST.
2212 643 2400 700 Angliee

348 712 549 762 London
566 723 699 770 1702.
729 717 769 763 8.
789 710 1095 755 RUFFORTH.
1135 712 1270 764 1716.
1289 713 1330 758 8.
1355 707 1470 751 OSB.
1520 706 1786 751 Germanice
1804 706 1999 752 demum.
2035 707 2099 751 Ab
2116 721 2239 751 anno
2264 711 2402 763 1672.

349 780 402 826 in
423 777 559 824 horto
583 776 906 836 regioeorpora
922 770 1157 820 inciderat,
1179 767 1441 828 praesidente
1462 769 1520 813 D.
1534 769 1738 820 CRESSE,
1766 770 1936 815 LAMYI
1953 767 2220 815 adversario.
2288 769 2404 815 Non

351 841 561 889 eruditus
599 838 832 899 proprium
870 833 987 878 nihil
1023 832 1160 878 habet
1185 865 1197 884 ‚
1252 833 1404 890 aliqua
1447 829 1748 876 parisinorum
1786 833 1974 879 inventa
2009 834 2153 879 aliena
2200 834 2401 892 exponit.

352 913 532 966 Azygos
569 904 719 949 uvulte
751 899 932 957 duplex,
1022 896 1203 942 Secerni
1225 896 1274 940 in
1309 894 1473 953 thymo
1502 892 1684 940 succum
1719 895 1927 948 lae‘teum,
1964 913 2056 954 quo
2087 894 2204 942 fetus
2240 897 2404 942 alatur.

352 969 513 1018 leones
544 982 640 1012 non
664 965 827 1013 bonae3
881 960 1018 1006 editio
1058 959 1222 1004 ultima
1247 959 1480 1018 aliquanto
1503 959 1677 1003 aufflior
1708 957 1798 1002 est:
1846 959 1887 1003 ei
1925 959 2087 1017 adjedti
2129 959 2222 1005 duo
2259 959 2405 1005 libelli

355 1049 472 1094 quos
501 1030 608 1076 dixi.
677 1028 796 1085 Lego
833 1041 912 1084 pro
941 1020 1238 1069 Chinenfium
1263 1023 1531 1080 imperatore
1564 1019 1650 1066 hoc
1676 1021 1997 1081 compendium
2011 1023 2062 1067 in
2083 1022 2286 1082 linguam
2305 1023 2404 1084 eJus

354 1097 503 1159 gentis
527 1090 704 1140 versum
730 1087 811 1135 effe
847 1088 933 1146 (m)
971 1090 1122 1147 (puto
1143 1087 1193 1131 in
1215 1085 1513 1144 Alaznsuricam
1529 1091 1549 1142 )
1566 1120 1575 1130 .

483 1177 537 1222 In
571 1175 703 1219 traite'
720 1169 898 1232 general
917 1168 987 1215 des
1017 1165 1329 1214 accouchemens
1351 1201 1362 1220 ‚
1400 1165 1498 1227 post
1523 1178 1718 1212 mortem
1753 1166 2014 1214 LUDOV1C1
2033 1166 2166 1213 XIV.
2209 1164 2404 1227 scriptu,

355 1241 479 1289 edito
505 1235 638 1285 Paris.
660 1241 792 1291 1718.
809 1246 854 1292 4.
891 1244 1025 1291 1724.
1044 1230 1123 1285 8.*
1185 1231 1360 1292 Belgice
1379 1230 1549 1290 prodiit
1578 1229 1699 1276 Leid.
1726 1242 1860 1288 1735.
1884 1231 1958 1284 8.*
2028 1231 2296 1277 Germanice
2321 1247 2409 1278 von

362 1304 525 1354 Geburt
546 1300 638 1348 und
657 1303 911 1361 Erzeugung
930 1297 1000 1342 des
1029 1293 1256 1354 Mmschm
1284 1293 1376 1350 &a
1402 1293 1536 1340 durch
1561 1295 1602 1356 J.
1624 1295 1675 1340 T.
1695 1291 1764 1341 Μ.
1782 1296 1839 1339 D.
1887 1292 2070 1341 Frankf.
2096 1293 2194 1340 und
2224 1295 2409 1355 Leipzig

358 1379 494 1426 1723.
518 1372 559 1420 8.
586 1365 759 1411 TREW.
828 1363 900 1407 De
924 1357 1042 1406 falsis
1065 1359 1341 1421 germinibus
1363 1358 1597 1418 praeduris,
1630 1358 1680 1403 in
1706 1358 1873 1417 quibus
1902 1375 2064 1405 cavum
2095 1374 2210 1418 aqua
2226 1360 2413 1418 plenum

355 1431 437 1484 fit,
473 1432 613 1490 inque
637 1444 692 1473 eo
723 1425 880 1487 puniti
905 1422 1043 1470 fimile
1070 1439 1268 1484 germen.
1339 1422 1446 1469 offa
1472 1423 1605 1482 pubis
1629 1421 1952 1469 nondistrahi.
2019 1423 2066 1470 N
2072 1423 2149 1469 odi
2174 1423 2410 1469 umbilica-

353 1497 469 1544 lium
492 1491 719 1541 vasorum.
787 1492 1012 1538 Anatome
1040 1503 1095 1533 ex
1125 1491 1254 1535 Cours
1275 1486 1562 1533 d’Anatomie.
2270 1494 2273 1496 ·

485 1576 541 1623 In
578 1579 709 1622 Cours
748 1571 1034 1633 d’operations
1063 1568 1115 1615 de
1154 1566 1377 1631 Chirurgie
1409 1569 1532 1614 Paris
1556 1582 1691 1628 1707.
1724 1575 1766 1623 8.
1803 1569 2033 1616 Bruxelles
2056 1573 2190 1628 1708.
2223 1563 2330 1623 8.*‚
2368 1568 2412 1614 δε

357 1642 465 1688 alias
497 1636 677 1693 excuso,
704 1633 860 1699 paffim
894 1635 1044 1694 aliqua
1070 1635 1324 1680 anatomico
1343 1632 1650 1680 intercedunt.

838 1767 875 1817 §.
911 1764 954 1810 D
971 1762 1245 1811 CXXIII.
1313 1765 1461 1809 Petrus
1496 1762 1701 1822 Sylvanus
1734 1763 1892 1810 REGIS
1910 1795 1923 1816 ‚

489 1881 695 1931 Medicus
718 1876 1076 1940 Monspelienfis.
1144 1879 1271 1940 Ejus
1298 1878 1552 1924 anatomica
1574 1876 1759 1923 historia
1788 1877 1987 1923 duorum
2014 1877 2285 1930 catulorum,
2315 1876 2415 1938 qui-

358 1949 444 1996 bus
472 1965 549 1994 cor
574 1946 751 1994 nudum
778 1943 833 1990 de
852 1945 1030 2004 pediore
1055 1942 1368 2004 propendebat
1385 1977 1396 1995 ,
1434 1942 1576 1988 exstat
1608 1942 1657 1987 in
1680 1945 1839 1995 Journ.
1865 1941 1938 1987 des
1965 1944 2133 1988 Savans
2167 1947 2301 1995 1681.

483 2030 540 2076 In
566 2030 738 2090 EJUSD.
775 2030 906 2074 Conrs
931 2029 1066 2072 entier
1088 2025 1140 2072 de
1171 2022 1454 2085 Philosophia
1493 2024 1572 2082 qui
1603 2021 1775 2069 Parisiis
1811 2039 1932 2070 anno
1971 2029 2104 2077 1690.
2141 2034 2187 2081 4.
2228 2022 2412 2078 3.Vol.‚

359 2093 637 2143 Amsterdam
657 2097 791 2146 1691.
819 2101 864 2147 4.
904 2089 1085 2144 3.Vol.*
1115 2089 1309 2149 prodiit,
1347 2089 1458 2133 liber
1488 2087 1592 2132 Vll.
1626 2086 1686 2132 est
1720 2086 1775 2132 de
1804 2085 2082 2148 physiologia
2107 2088 2149 2132 &
2174 2098 2413 2139 anatome,

361 2158 524 2205 additis
549 2155 760 2203 iconibus
785 2153 1054 2200 colleffltiis.
1121 2154 1418 2212 Nuperorum
1445 2151 1633 2196 inventa
1666 2148 1837 2210 profert
1878 2152 1921 2197 ἃ
1951 2151 2192 2210 opiniones
2212 2183 2226 2203 ‚
2274 2152 2317 2196 δε
2344 2150 2418 2209 ju·-

362 2222 532 2268 dicium
558 2219 688 2267 suum
712 2217 978 2278 interponit.
1047 2217 1117 2263 Ita
1145 2229 1303 2263 contra
1331 2216 1581 2262 BAYLEUM
1617 2213 1816 2260 ostendit
1833 2248 1846 2267 ,
1893 2212 2121 2261 musculos
2156 2213 2420 2260 intercosta-

359 2287 425 2333 les
454 2286 659 2331 internos
680 2284 841 2343 pariter
874 2279 1015 2327 costas
1042 2282 1203 2327 levare.
1272 2279 1690 2331 Fermentationes‚
1727 2276 1927 2325 fervores
1959 2281 2000 2325 &
2034 2278 2418 2338 praecipitationes

355 2349 418 2396 nd
434 2350 618 2458 ἒῗινη
648 2344 827 2393 sensum
858 2344 1072 2392 admittit.
1139 2345 1196 2391 In
1225 2345 1274 2391 L.
1294 2344 1421 2390 VIII.
1454 2341 1702 2389 humanam
1730 2355 1977 2389 anatornen
2016 2343 2059 2389 &
2091 2339 2420 2404 physiologiam

359 2425 429 2460 tra
464 2425 515 2459 it.

824 2471 867 2530 §.
904 2474 948 2520 D
967 2473 1153 2520 CXXI
1170 2471 1226 2519 V.
1336 2471 1571 2520 Guillaume
1602 2484 1692 2518 DEs
1724 2471 1900 2518 NOUES
1920 2505 1933 2524 ,

449 2601 453 2602 ⁷
491 2588 746 2650 Chirurgus
775 2589 961 2640 Gallus,
997 2587 1058 2633 ob
1084 2587 1289 2634 illicitam
1325 2598 1567 2632 anatomen
1596 2583 1748 2639 exsul,
1784 2585 1959 2632 Genuae
1991 2586 2083 2631 fere
2110 2584 2244 2632 vixit.
2322 2583 2422 2630 Lie-

361 2672 443 2703 nes
469 2666 558 2701 tres
576 2688 589 2707 ,
624 2653 744 2700 testis
772 2653 935 2697 unicus
959 2670 971 2696 t
1019 2669 1151 2697 novae
1177 2648 1381 2697 vesicula:
1404 2651 1452 2696 in
1479 2650 1649 2696 cervice
1676 2650 1813 2702 uteri,
1851 2653 1893 2696 δι
1921 2650 2069 2709 aliqua
2088 2649 2141 2694 de
2163 2648 2310 2708 puella
2328 2645 2420 2693 fine

363 2718 547 2766 cerebro
568 2728 704 2764 nata:
742 2732 840 2775 quae
865 2715 989 2761 dedit
1011 2715 1062 2761 in
1079 2717 1312 2762 BLEGNYI
1338 2715 1496 2761 Diario
1525 2715 1635 2760 anni
1660 2719 1774 2768 1681
1795 2747 1808 2767 ,
1844 2713 1929 2761 ubi
1957 2714 2093 2760 etiam
2117 2712 2171 2758 de
2193 2710 2423 2773 glandulis

364 2784 449 2844 piae
477 2781 750 2829 membranae
775 2780 1001 2825 nonnulla
1031 2777 1250 2839 perhibet.

492 2865 613 2911 Cum
642 2864 692 2911 in
707 2861 836 2909 Italia
867 2861 1054 2912 viveret,
1089 2859 1215 2907 dedit
1254 2860 1411 2907 Rome
1443 2865 1576 2918 1706.
1617 2861 1688 2914 8.*
1726 2865 1892 2906 Lettres
1925 2857 1978 2903 de
2003 2861 2097 2904 Mr.
2129 2871 2220 2905 DEs
2243 2857 2420 2905 NOUES

364 2931 391 2976 ἡ
419 2933 516 2978 Μν.
547 2930 947 2976 (ἓυιιιιῖιΜΙΝι.
1016 2925 1073 2970 In
1102 2924 1157 2969 iis
1179 2925 1445 2985 plerumque
1476 2926 1530 2971 de
1561 2923 1652 2973 suis
1673 2958 1686 2979 ‚
1719 2939 1829 2984 quas
1863 2933 2057 2977 vocant,
2095 2921 2422 2983 injcdtionibus

797 3039 799 3042 .
966 3034 969 3036 .
2178 2987 2417 3048 loquitur,

417 3089 498 3144 (μμ)
523 3087 624 3143 Jizst.
654 3088 808 3128 l'Acacl.
841 3088 887 3128 R.
917 3085 980 3124 des
1008 3083 1179 3124 &imm
1208 3094 1309 3123 anno
1344 3089 1455 3134 1726,
