2556 3442
523 123 571 184 ς.
612 133 730 189 ς43.’
759 94 864 188 ς4ῤ.
932 128 984 175 A.
1020 141 1066 175 v.
1102 124 1817 181 LEEUWENHOECK.'
2102 137 2197 194 607

133 271 265 305 veros
299 258 493 305 aculeos.
563 260 738 308 Dentes
769 260 864 321 apis
884 292 897 313 ,
934 258 1119 326 oculos,
1136 288 1143 291 „
1156 255 1238 318 qui
1262 271 1365 303 cum
1390 253 1602 305 favorum
1625 258 1822 309 habeant
1850 260 2081 317 fabricam,
2102 261 2198 325 ‘ipsi

98 344 100 347 ’
131 320 349 370 videntur
371 322 548 370 moduli
565 321 671 377 effe,
705 324 762 370 ad
787 339 904 384 quos
932 321 1028 369 haec
1052 321 1326 369 animalcula
1349 318 1456 367 suos
1489 319 1617 369 favos
1638 324 1881 373 melliferos
1908 327 2096 376 struant.
2144 328 2154 340 ‘

259 405 321 452 N.
353 417 454 453 102.
483 417 582 453 tum
618 412 719 452 106.
756 403 1023 465 sanguinem
1051 418 1107 448 ex
1132 404 1332 464 globulis
1357 404 1559 464 conponi
1586 402 1660 451 hic
1686 408 1883 464 primum
1911 409 2074 457 docet:
2122 408 2199 457 sed

134 470 179 518 &
209 470 276 517 lac
301 471 342 518 ὃς
366 470 543 531 adipem
570 472 612 516 δε
637 469 754 529 pilos
782 469 823 513 &
854 469 1031 520 lanam,
1065 468 1108 512 &
1133 483 1235 527 quae
1256 483 1370 520 non,
1396 467 1593 529 globulis
1622 468 1837 516 constare.

265 554 327 601 N.
363 558 464 600 106.
502 548 823 612 epidermidem
856 564 911 594 ex
932 547 1130 610 squamis
1155 549 1387 611 componi.
1454 551 1511 597 In
1541 547 1705 597 sudore
1728 552 1938 612 globulos
1969 556 2065 604 effe.

263 638 326 685 N.
360 647 462 693 117.
499 631 647 680 Nervi
670 631 814 692 optici
839 630 1108 678 struciuram
1134 630 1360 685 describit,
1390 634 1587 680 maculas
1611 633 1898 689 medullares,
1936 639 2199 688 cellulofita..

132 714 180 754 te
195 703 374 750 cinctas.
393 708 402 710 ’
443 698 497 744 In
512 694 733 758 sanguine
750 694 833 742 suo
848 697 1058 758 globulos
1072 695 1115 742 se
1130 695 1334 758 reperisse
1347 697 1486 744 modo
1500 698 1723 753 duriores,
1753 699 1892 746 modo
1909 702 2151 752 molliores.

248 779 352 831 'Effe
379 781 428 827 in
462 775 683 840 sanguine
709 780 952 839 particulas
983 779 1385 841 quadrangulatos.

259 860 452 920 NJ133.
481 872 584 921 134.
625 861 680 907 de
705 861 1006 915 animalculis,
1034 862 1084 907 in
1098 877 1216 922 aqua
1239 879 1347 910 cum
1373 864 1509 911 variis
1535 862 1785 914 seminibus
1813 867 1857 914 &
1874 864 2026 914 herbis
2051 864 2198 915 infusa

132 927 437 978 nascentibus.
732 949 741 958 ³

261 1012 324 1059 N.
351 1016 454 1067 136.
493 1010 546 1057 de
573 1026 722 1063 carne,
751 1025 851 1069 quae
876 1010 916 1055 &
938 1006 1032 1068 ipsa
1056 1008 1256 1069 globulis
1274 1007 1369 1062 fiat,
1409 1012 1451 1056 &
1472 1009 1526 1060 de
1544 1011 1756 1059 cellulosa
1774 1014 1863 1060 tela
1881 1010 2018 1061 fibras
2037 1015 2200 1061 unien-

129 1088 189 1188 ἒς.
259 1077 509 1149 (Jerebrum
535 1076 671 1122 etiam
701 1075 743 1121 ἃ
772 1073 1021 1121 medullam
1045 1072 1263 1134 spira-alem
1296 1075 1494 1136 globulis
1520 1073 1622 1122 fieri
1647 1077 1896 1139 pinguibus
1919 1112 1933 1133 ³
1966 1078 2151 1126 diversis
2176 1096 2201 1126 a.

152 1157 407 1203 anguineis.

260 1223 317 1269 In
340 1219 550 1270 Blncnn
573 1222 733 1269 T.111.
763 1238 805 1282 p.
826 1233 929 1280 347.
966 1220 1120 1268 eadem
1148 1222 1190 1268 &
1218 1232 1461 1282 praeterea,
1493 1220 1760 1285 sanguinem
1779 1225 2081 1287 anguillarum
2102 1225 2197 1275 fieri

130 1287 275 1336 acutis
308 1287 500 1334 tubulis.
570 1288 623 1334 Se
649 1287 699 1333 in
728 1287 942 1347 anguillis
971 1287 1100 1333 vivas
1123 1288 1345 1348 anguillas
1370 1285 1542 1334 vidiffe.

263 1370 320 1416 In
351 1367 464 1416 Phil.
498 1368 653 1428 Trans.
688 1385 824 1430 porro
860 1385 904 1415 n.
930 1381 1033 1428 140.
1076 1366 1247 1416 fabrica
1282 1369 1492 1417 dentium
1529 1385 1586 1417 ex
1619 1368 1794 1418 tubulis
1840 1371 2199 1435 conpositorum.

131 1434 318 1485 Fabrica
347 1434 522 1494 capilli,
559 1435 792 1488 medullae,
830 1433 974 1480 bulbi.

262 1518 325 1565 N.
355 1527 460 1576 143.
498 1516 699 1577 Epistola
728 1518 820 1579 jam
850 1516 905 1563 ab
933 1533 1056 1563 anno
1085 1522 1220 1575 1677.
1255 1514 1420 1578 scripta
1451 1516 1527 1565 hic
1559 1516 1844 1572 recensetur,
1881 1519 1928 1566 in
1959 1537 2046 1581 qua
2073 1524 2127 1567 A.
2156 1540 2199 1569 v.

129 1583 576 1631 LEEUWENHOECK
603 1583 710 1628 viva
735 1582 1006 1628 animalcula
1038 1580 1276 1635 describit,
1324 1582 1374 1628 in
1400 1580 1569 1629 semine
1589 1580 1789 1629 masculo
1810 1583 2011 1631 hominis
2044 1587 2085 1632 ἅτ
2108 1588 2205 1632 ani-s

131 1648 322 1693 malium
350 1644 471 1699 visa,
509 1647 653 1707 capite
680 1647 867 1708 praedita
896 1649 1123 1707 longaque
1151 1646 1306 1692 cauda.
1377 1648 1484 1694 Ova
1504 1647 1851 1709 muliebriajam
1868 1664 1993 1696 nunc
2014 1650 2197 1698 refutat.

129 1713 202 1759 De
229 1728 281 1758 eo
310 1711 504 1757 invento
530 1712 679 1772 agitur
707 1711 827 1771 apud
855 1712 1034 1762 BIRCH.
1069 1711 1151 1758 III.
1183 1728 1226 1772 p.
1253 1722 1357 1767 332.
1378 1722 1489 1771 494.

258 1794 317 1840 In
341 1792 594 1840 Lefz‘ionibus
627 1794 984 1840 CUTLERIANIS
1022 1793 1078 1839 R.
1102 1794 1297 1841 HOOKE
1329 1794 1439 1841 anni
1473 1800 1608 1852 1679.
1649 1794 1821 1856 prodiit
1863 1795 2045 1856 epistola
2077 1813 2203 1844 anno
2240 1791 2245 1796 ’

71 1893 73 1896 .
133 1862 270 1918 1677.
303 1857 421 1912 data,
448 1857 500 1904 in
524 1874 613 1919 qua
638 1856 888 1904 mirificum
911 1874 1154 1904 numerum
1168 1870 1402 1919 computat
1428 1859 1708 1913 animalium,
1743 1876 1845 1921 quae
1872 1862 1917 1907 in
1945 1877 2060 1922 aqua
2081 1864 2205 1924 pipe-

130 1936 228 1970 rata
251 1923 446 1987 vivunt,
487 1924 530 1969 &
556 1922 610 1968 de
638 1926 796 1969 eorum
823 1923 1024 1970 exilitate
1050 1923 1156 1984 agit.

151 2063 154 2066 ι
261 2004 378 2052 Ibid.
416 2004 470 2051 de
495 2004 692 2066 globulis
710 2002 983 2066 sanguineis.
1054 2008 1298 2067 Quemque
1328 2003 1496 2054 habere
1514 2007 1833 2059 involucrum,
1872 2009 1922 2055 in
1951 2026 2043 2069 quo
2072 2008 2200 2057 habi-

131 2067 231 2118 tant
258 2068 335 2116 sex
361 2069 542 2131 globuli
565 2070 781 2117 minores.
852 2070 1081 2117 Globulos
1106 2071 1242 2117 etiam
1267 2073 1317 2119 in
1347 2072 1513 2133 pituita
1542 2071 1789 2119 intestinali
1824 2075 2022 2134 reperiit.

257 2153 314 2198 In
328 2168 373 2197 n.
398 2165 436 2197 1.
475 2151 756 2198 colleffionum
762 2149 1176 2214 philosophicarum,
1207 2154 1372 2214 pariter
1399 2171 1520 2201 anno
1552 2161 1688 2213 1579.
1721 2155 1961 2209 editarum,
1989 2153 2202 2204 describit

131 2216 402 2264 animalcula
433 2214 618 2262 seminis
650 2215 836 2262 masculi
852 2250 863 2268 ‚
903 2233 958 2262 ex
984 2217 1118 2264 variis
1141 2219 1411 2266 animalibus
1428 2253 1439 2272 ,
1481 2235 1730 2279 eorumque
1755 2235 2002 2267 numerum
2028 2220 2132 2269 init.

259 2299 316 2346 In
340 2314 384 2344 n.
407 2308 447 2354 3.
485 2298 759 2345 vermiculos
781 2296 1014 2345 seminales
1039 2298 1150 2347 dicit
1166 2300 1217 2346 in
1241 2301 1378 2348 variis
1399 2299 1578 2349 infestis
1598 2304 1731 2349 etiam
1757 2303 2042 2362 perminutis.
2113 2304 2202 2351 ve.

129 2381 180 2412 ra
207 2364 479 2411 animalcula
506 2360 612 2416 effe,
653 2378 754 2423 quae
787 2363 1079 2423 reperiuntur
1101 2364 1150 2410 in
1179 2380 1296 2425 aqua
1325 2382 1431 2412 cum
1459 2364 1586 2413 foeno
1605 2400 1617 2420 ,
1656 2367 1806 2427 pipere
1836 2369 1919 2414 Sec.
1950 2366 2116 2415 infusa.

257 2446 314 2492 In
341 2462 385 2492 n.
403 2457 448 2504 4.
486 2445 540 2491 de
572 2446 839 2506 capillorum
870 2446 912 2491 ἃ
934 2443 1130 2492 setarum
1148 2444 1316 2494 fabrica
1337 2466 1347 2494 :
1385 2447 1435 2494 sn
1458 2448 1552 2495 istis
1576 2449 1702 2495 intus
1729 2449 1926 2496 medulla
1952 2448 2113 2497 fistulis
2135 2448 2195 2495 fa«

130 2512 200 2557 &a
225 2508 610 2557 numeroliffimis.
679 2511 750 2555 De
775 2510 1036 2556 vermiculis
1061 2526 1116 2556 ex
1146 2511 1332 2558 naribus
1358 2511 1594 2573 expreffis,
1629 2514 1708 2574 qui
1728 2511 1843 2561 fiant,
1866 2518 2067 2568 materie,
2096 2530 2193 2573 qux

131 2576 250 2637 pilos
274 2575 369 2622 alit.
437 2575 494 2622 In
517 2574 702 2621 materie
724 2573 864 2620 fluida
889 2572 1052 2621 saecum
1079 2574 1283 2636 globuli,
1313 2578 1354 2624 &
1380 2577 1430 2623 in
1453 2579 1587 2624 urina
1610 2594 1751 2638 equae.

259 2659 317 2706 In
337 2674 382 2704 n.
402 2669 442 2716 5.
481 2658 621 2704 Nunc
648 2654 829 2708 fatetur,
859 2672 955 2702 non
973 2672 1028 2702 ex
1053 2657 1251 2718 globulis
1274 2656 1412 2706 fibras
1439 2658 1752 2707 musculorum
1777 2661 1993 2722 conponi,
2028 2658 2101 2706 sed
2122 2676 2193 2707 rua

134 2722 203 2783 gis
228 2720 492 2770 transversis
516 2720 730 2782 exsculpi.
798 2721 977 2767 Fibram
995 2719 1074 2768 effe
1092 2720 1362 2770 fibrillarum
1378 2722 1659 2772 fasciculum.
1729 2726 1787 2772 Et
1805 2724 1963 2772 fibram
1988 2726 2028 2769 ἃ
2052 2722 2193 2770 Γὼῑὲὶα

134 2789 226 2833 lam
251 2785 376 2833 suam
410 2788 638 2848 propriam
675 2786 982 2832 membranam
1009 2785 1190 2833 habere.
1276 2789 1519 2850 Sanguinis
1545 2788 1736 2850 piscium
1759 2789 2003 2851 particulas
2042 2790 2192 2835 ovales

132 2850 232 2898 effe.
302 2850 492 2898 Globuli
515 2851 608 2898 istis
635 2851 835 2897 minores
857 2850 907 2896 in
932 2848 1165 2912 sanguine.
1234 2852 1471 2900 Testarum
1506 2855 1702 2902 laminae.

132 2993 159 3043 f
180 2993 208 3044 s
229 2998 235 3005 ⁸
260 2933 328 3044 11}
348 2948 395 2980 n.
416 2945 462 2993 7.
497 2934 669 2983 Iterum
691 2929 966 2982 musculosus
993 2931 1131 2982 fibras
1159 2951 1427 2985 cancrorum
1456 2939 1611 3000 plenas
1645 2934 1724 2984 effe
1743 2949 1960 2997 rugarum
1976 2967 1989 2988 ,
2029 2935 2071 2981 8(
2091 2931 2192 2981 fieri

153 3012 177 3043 a
200 3012 297 3046 eicu
317 3013 370 3046 is.

2076 3059 2189 3111 Phil.
