2556 3442
325 133 420 197 390
677 132 813 183 ΜΒ.
874 133 959 182 VI.
1024 129 1477 180 ANIMALIUM
1526 129 1996 180 INCISIONES.

322 282 434 316 num
458 264 676 328 propelli,
714 263 876 326 partim
897 264 947 312 in
977 262 1128 326 hepan
1197 262 1338 309 Bilem
1363 263 1564 308 multum
1586 258 1720 307 salem
1748 261 1999 307 lixivialem
2026 261 2286 310 continere:
2320 261 2378 310 ad

321 330 590 392 sanguinem
623 329 888 384 admiscere,
926 331 968 377 &
989 330 1126 375 vitale
1153 328 1299 375 cordis
1329 326 1590 373 incendium
1616 323 1852 376 sustinere.
1939 325 2162 386 Vaginum
2197 329 2378 387 (nuper

322 396 559 442 inventam
590 394 893 450 GLISSQNII)
928 393 975 440 id
998 394 1082 439 iter
1102 393 1206 439 bilis
1229 392 1456 452 adjuvate.
1526 389 1741 435 Inflatum
1770 396 1918 435 aerem
1957 405 2012 434 ex
2044 389 2186 435 dudtu
2217 390 2379 437 hilario

323 457 533 519 hepatico
558 459 610 505 in
637 457 903 520 sanguinem
926 468 1184 519 penetrare,
1227 458 1267 502 &
1295 472 1349 501 ex
1371 455 1532 501 arteria
1552 452 1756 514 hepatica
1785 455 1833 499 in
1857 450 2097 499 veficulam
2124 451 2313 500 felleam.

453 544 523 587 De
549 541 828 603 respiratione
849 539 1007 600 ufitque
1025 538 1273 601 pulmonum
1302 543 1434 583 1660.
1457 548 1502 595 4.
1594 535 1684 582 Hic
1711 534 1905 580 dilucide
1936 534 2092 588 docet,
2108 550 2111 551 ⁷
2127 535 2283 596 ignem
2315 536 2384 582 vi-

326 607 463 654 talem
488 605 673 652 accendi
702 621 757 651 ex
788 602 1020 664 sanguinis
1051 617 1199 648 amara
1220 601 1313 647 bile
1351 600 1469 645 misti
1510 599 1723 645 conflicstu
1755 615 1857 645 cum
1890 596 2104 644 subacida
2122 597 2320 658 lympha,
2357 615 2382 645 a

327 671 468 717 dudiu
495 667 725 716 thoracico
750 668 982 716 veniente.
1063 665 1182 710 Eum
1210 663 1416 708 ardorem
1445 663 1499 708 ab
1534 671 1633 708 aere
1661 665 1929 722 temperari,
1974 660 2240 723 sanguinem
2278 679 2386 708 con-

327 732 518 786 densari,
553 748 635 792 pro
654 732 831 793 ratione
857 729 968 774 nitri
985 724 1069 773 sui.
1137 729 1300 772 Aerem
1324 741 1484 772 verum
1512 723 1777 786 sanguinem
1794 724 1956 772 subire.
2025 724 2387 787 Respirationem

325 797 467 858 perite
502 793 728 842 describit.
795 794 956 840 Motus
976 805 1106 836 venae
1133 804 1271 837 cavae.

455 879 526 923 De
551 874 661 934 vasis
685 871 953 935 lymphaticis
983 868 1042 927 &
1069 867 1241 931 lympha
1273 872 1409 915 1661.
1436 865 1555 927 4,*‚‘
1608 868 1671 915 Ea
1699 868 1801 915 vasa
1832 886 1936 916 cum
1967 871 2162 918 valvulis
2187 869 2279 918 suis
2311 871 2387 918 de-

328 939 511 992 scribit,
547 953 800 998 verumque
823 937 1013 982 ductum
1041 931 1241 994 lymphae
1279 930 1372 992 ipse
1402 933 1571 993 injffio
1604 933 1793 978 vinculo
1826 933 2168 986 demonstravit.
2253 936 2388 995 Lym-

325 1005 461 1066 pham
476 1019 501 1049 a
514 1000 748 1063 spiritibus
760 999 1031 1048 animalibus
1047 998 1172 1051 oriri,
1206 995 1315 1042 hine
1330 996 1501 1042 acidam
1514 997 1680 1056 partim
1696 995 1790 1050 effe,
1824 997 1987 1057 partim
2014 999 2257 1045 volatilem.

457 1086 542 1132 Hae
574 1082 883 1145 disputationes
919 1097 1023 1128 cum
1061 1079 1133 1126 tit.
1173 1076 1284 1139 Diffi
1310 1077 1589 1124 Medicarum
1613 1076 1863 1136 seleEJarum
1900 1079 1946 1124 P.
1979 1090 2018 1124 1.
2066 1077 2389 1126 Amstelodami

336 1155 473 1206 1663.
497 1146 625 1195 12⁶.*
665 1153 800 1205 1670.
836 1154 930 1193 12⁰.
958 1146 1106 1193 LIND.
1141 1143 1222 1188 &c.
1254 1140 1547 1202 prodierunt,
1584 1158 1686 1187 cum
1705 1140 1972 1202 praefatione
2003 1143 2053 1188 in
2075 1144 2127 1187 A.
2149 1144 2387 1189 DEUSING

331 1218 372 1262 &
394 1216 623 1260 BILSIUM.
691 1212 864 1258 Nonne
886 1207 995 1257 sunt
1025 1206 1192 1256 eaedem
1225 1206 1569 1252 exercitationes
1604 1206 1705 1267 jen.
1729 1211 1863 1263 1674.
1886 1210 1977 1254 12⁰.
2018 1204 2227 1253 Francof.
2249 1212 2386 1264 1676.

331 1281 373 1326 &
404 1276 577 1324 Patavii
599 1273 771 1322 excusae
795 1275 945 1322 Lmo.

458 1357 600 1405 Dedit
626 1358 761 1404 etiam
790 1354 1018 1418 Epistolam
1050 1349 1349 1415 apologeticam
1375 1350 1586 1412 improbas·
1618 1351 1671 1397 A.
1695 1351 1971 1396 DEUSINGH
2008 1348 2066 1406 85?
2091 1350 2276 1397 aliorum
2302 1348 2391 1408 ejits

319 1423 478 1485 farinae
507 1420 721 1469 hominum
754 1421 992 1467 calumnias
1010 1419 1361 1480 perstringentem
1396 1415 1519 1462 Leid.
1540 1420 1674 1473 1664.
1700 1414 1826 1459 12⁰.*
1871 1419 2006 1461 1666.
2031 1418 2093 1469 8⁰.
2123 1416 2271 1461 LIND.
2305 1415 2390 1461 ira-

331 1486 524 1534 enndam
541 1520 552 1539 ,
588 1497 644 1532 ut
667 1500 723 1531 ex
746 1485 883 1531 titulo
913 1483 1111 1543 adparet
1179 1478 1311 1526 Nihil
1341 1477 1479 1525 habet
1502 1478 1684 1538 publice
1711 1479 1841 1530 utile,
2224 1515 2227 1516 γ

457 1569 513 1615 111
544 1568 619 1629 EJ.
655 1563 714 1622 &²
732 1565 1051 1613 VERMEIREN
1087 1560 1252 1622 disput.
1283 1560 1334 1607 de
1365 1560 1505 1607 cordis
1530 1560 1821 1622 palpitatione
1858 1559 1980 1607 Leid.
2005 1566 2140 1620 1664.
2174 1557 2278 1620 4⁰.*
2317 1576 2392 1608 ex-

332 1632 415 1680 stat
444 1634 809 1693 experimentum
833 1629 980 1675 inflati
1012 1643 1090 1688 per
1113 1627 1302 1672 dubium
1320 1623 1603 1671 thoracicum
1627 1625 1791 1671 cordis.

461 1717 622 1761 Praxis
644 1710 824 1763 medica,
863 1711 992 1770 cujus
1016 1710 1066 1756 L.
1088 1709 1124 1756 Ι.
1162 1706 1312 1754 Leidae
1344 1710 1479 1764 1667.
1508 1710 1595 1753 12⁸.
1627 1708 1774 1753 LIND.
1846 1706 1894 1752 L.
1918 1706 1975 1752 II.
2005 1713 2137 1765 1672.
2168 1709 2229 1760 8⁹.
2272 1706 2388 1754 Osn.

334 1777 612 1826 Amsterdam
634 1780 769 1834 1674.
793 1775 884 1821 12⁰.
911 1775 1061 1821 LIND.
1131 1773 1180 1818 L.
1202 1772 1284 1817 111.
1302 1769 1413 1816 ibid.
1432 1770 1593 1816 eodem
1606 1768 1743 1816 annoss
1814 1770 1863 1816 L.
1886 1770 1966 1816 IV.
2004 1770 2142 1817 Amst.
2165 1775 2298 1828 1679.
2320 1775 2386 1829 4⁰.

331 1842 516 1904 prodiit,
549 1843 590 1888 &
615 1843 664 1887 in
687 1837 873 1901 operibus
898 1837 1095 1889 omnibus.
1160 1835 1329 1882 Placita
1350 1832 1424 1881 hic
1448 1832 1755 1894 phyliologica
1772 1834 1958 1892 repetit,
1996 1835 2130 1881 etiam
2157 1835 2392 1894 aliquanto

335 1904 642 1953 confidentius
663 1937 674 1957 ,
722 1919 826 1950 cum
856 1902 984 1950 acido
1011 1900 1166 1948 hostili
1192 1911 1425 1959 tamquam
1452 1896 1647 1945 febrium
1675 1897 1816 1944 caufie
1844 1896 1935 1943 fere
1967 1911 2111 1945 totam
2142 1897 2268 1944 suam
2296 1915 2394 1958 pra-

333 1972 414 2016 xin
438 1967 725 2030 superstruat.

463 2051 534 2098 Sic
564 2051 613 2096 in
643 2047 834 2096 methodo
857 2046 1054 2094 medendi
1085 2044 1351 2107 posthuma,
1403 2044 1454 2091 in
1480 2042 1664 2105 operibus
1695 2043 1876 2089 omnibus
1907 2041 2089 2097 excusa,
2137 2040 2256 2089 succi
2284 2059 2394 2104 pan-

338 2114 517 2162 creatici
543 2113 715 2160 acidam
744 2125 953 2159 naturam
978 2113 1019 2158 &
1043 2112 1216 2170 reliqua
1240 2106 1318 2155 sua
1345 2107 1559 2169 dogmata
1589 2108 1766 2168 repetit.

464 2196 569 2243 Una
606 2195 739 2242 etiam
763 2194 814 2240 in
839 2208 1028 2254 operum
1056 2191 1321 2238 colled'cione
1347 2188 1522 2236 exstant
1540 2188 1704 2235 difflata
1734 2192 1778 2234 in
1807 2189 1857 2234 C.
1881 2189 2211 2236 BARTHOLINI
2235 2190 2395 2250 institu-

340 2264 475 2308 tiones
496 2263 769 2311 anatomicas,
796 2273 921 2303 nunc
949 2258 1145 2317 primum
1171 2255 1315 2308 edita,
1351 2254 1485 2301 breve
1517 2252 1837 2313 compendium
1869 2254 2190 2299 anatomicum.
2274 2251 2396 2300 Offi.

337 2326 494 2371 culum
514 2334 727 2384 quartum
757 2321 941 2368 auditus
962 2319 1142 2367 invenit
1177 2319 1275 2378 (c),
1308 2317 1406 2379 post
1435 2318 1586 2379 aliqua
1604 2317 1724 2377 apud
1739 2318 1908 2377 priores
1935 2314 2172 2376 scriptores
2192 2316 2392 2377 vestigia.

470 2406 624 2464 Opera
662 2403 816 2449 omnia
853 2401 1122 2462 prodierunt
1159 2398 1335 2447 Parisiis
1370 2406 1504 2458 1671.
1540 2398 1600 2454 8⁰.
1629 2399 1745 2445 OSB.
1799 2397 2284 2455 Amstelodami1679.
2323 2407 2392 2456 4⁰.

338 2468 502 2529 Ultraj.
526 2474 658 2525 1695.
675 2465 776 2525 4'.*
811 2482 911 2526 quae
937 2466 1083 2512 nitida
1102 2463 1163 2510 est
1177 2464 1344 2517 editio,
1379 2476 1476 2510 tum
1494 2464 1668 2511 Genev.
1690 2466 1822 2516 1680.
1850 2461 1929 2524 fol.
1964 2462 2129 2508 Vener.
2151 2465 2283 2518 1637.
2312 2460 2392 2507 fol.

469 2550 589 2597 Cum
617 2546 1010 2594 observationibus
1038 2548 1148 2606 Justi
1175 2547 1470 2594 ScHRADERI
1498 2546 1658 2606 aliquae
1688 2543 1957 2591 cadaverum
1986 2540 2224 2589 incisiones
2243 2557 2396 2587 recen-

339 2613 522 2667 ¹femur,
560 2629 671 2673 quas
691 2612 737 2658 F.
764 2613 970 2657 Svmus
999 2609 1340 2656 administravit.
1409 2612 1588 2657 Duelus
1625 2607 1894 2655 choledochi
1930 2607 2022 2653 duo
2047 2607 2098 2653 in
2131 2604 2396 2651 duodenum

341 2689 494 2740 aperta
523 2676 646 2724 ostia.
714 2675 910 2722 Nervuli
935 2674 1160 2734 glandula:
1189 2674 1391 2734 pinealis.

627 2782 675 2842 S.
717 2781 1042 2832 CCCLXV.
1111 2783 1313 2830 Nicolam
1353 2781 1556 2831 Claudius
1588 2782 1745 2829 FAmu
1775 2778 1828 2826 de
1856 2780 2097 2832 Pmmzsc,

467 2883 625 2945 Vulgo
645 2883 937 2930 PEIREscms
956 2914 968 2934 ‚
995 2879 1184 2926 Senator
1203 2877 1577 2939 Aquisextiensis,
1618 2877 1693 2936 qui
1724 2893 1763 2922 a.
1795 2882 1929 2934 1637.
1955 2875 2084 2922 obiit.
2150 2874 2281 2923 Nihil
2300 2877 2398 2936 qui-

315 2997 324 3001 ,
346 2949 448 2997 dem
476 2947 672 3009 scripfit,
707 2944 782 2992 sed
813 2946 864 2992 in
888 2946 983 2991 vita
1007 2944 1120 2995 viri,
1150 2960 1175 2987 a
1201 2946 1330 2988 Petro
1358 2944 1625 2989 GASSENDO
1663 2956 1783 2985 anno
1808 2946 1941 2995 1639.
1971 2939 2158 3001 scripta,
2191 2942 2231 2987 &
2261 2938 2393 2987 Paris.

398 3076 459 3127 (c)
489 3075 724 3125 memo,
754 3072 796 3121 C,
822 3070 1114 3114 eruoune
1141 3069 1177 3111 ἃ
1199 3068 1374 3112 Krene
1398 3066 1488 3110 teste
1511 3066 1740 3119 Anthropol,
1768 3078 1808 3120 p.
1829 3073 1917 3119 ¹85·
2256 3008 2390 3063 1641.
