<?xml version="1.0" encoding="UTF-8"?>
<!DOCTYPE html PUBLIC "-//W3C//DTD XHTML 1.0 Transitional//EN"
    "http://www.w3.org/TR/xhtml1/DTD/xhtml1-transitional.dtd">
<html xmlns="http://www.w3.org/1999/xhtml" xml:lang="en" lang="en">
 <head>
  <title>
</title>
<meta http-equiv="Content-Type" content="text/html;charset=utf-8" />
  <meta name='ocr-system' content='tesseract 3.04.00' />
  <meta name='ocr-capabilities' content='ocr_page ocr_carea ocr_par ocr_line ocrx_word'/>
</head>
<body>
  <div class='ocr_page' id='page_1' title='image "bibliothecaanato01hall_0728.png"; bbox 0 0 2556 3442; ppageno 0'>
   <div class='ocr_carea' id='block_1_1' title="bbox 340 133 1948 196">
    <p class='ocr_par' dir='ltr' id='par_1_1' title="bbox 340 133 1948 196">
     <span class='ocr_line' id='line_1_1' title="bbox 340 133 1948 196; baseline 0.001 -15"><span class='ocrx_word' id='word_1_1' title='bbox 340 148 438 196; x_wconf 70' lang='lat'>714</span> <span class='ocrx_word' id='word_1_2' title='bbox 785 135 923 183; x_wconf 72' lang='lat' dir='ltr'>rm.</span> <span class='ocrx_word' id='word_1_3' title='bbox 985 135 1106 185; x_wconf 75' lang='lat'>1⁷11.</span> <span class='ocrx_word' id='word_1_4' title='bbox 1174 133 1948 190; x_wconf 56' lang='lat' dir='ltr'>ANAToMEfluMANA.</span> 
     </span>
    </p>
   </div>
   <div class='ocr_carea' id='block_1_2' title="bbox 468 249 2476 314">
    <p class='ocr_par' dir='ltr' id='par_1_2' title="bbox 468 249 2476 314">
     <span class='ocr_line' id='line_1_2' title="bbox 468 249 2476 314; baseline 0.001 -14"><span class='ocrx_word' id='word_1_5' title='bbox 468 254 646 314; x_wconf 74' lang='lat' dir='ltr'>EJUSD.</span> <span class='ocrx_word' id='word_1_6' title='bbox 686 254 841 299; x_wconf 83' lang='lat' dir='ltr'>Traite&#39;</span> <span class='ocrx_word' id='word_1_7' title='bbox 861 269 1058 300; x_wconf 83' lang='lat' dir='ltr'>nouveau</span> <span class='ocrx_word' id='word_1_8' title='bbox 1082 251 1134 299; x_wconf 84' lang='lat' dir='ltr'>de</span> <span class='ocrx_word' id='word_1_9' title='bbox 1158 252 1200 300; x_wconf 82' lang='lat' dir='ltr'>la</span> <span class='ocrx_word' id='word_1_10' title='bbox 1213 252 1427 314; x_wconf 63' lang='lat' dir='ltr'>struflure</span> <span class='ocrx_word' id='word_1_11' title='bbox 1456 249 1515 308; x_wconf 55' lang='grc' dir='ltr'>ἓξ</span> <span class='ocrx_word' id='word_1_12' title='bbox 1540 249 1611 297; x_wconf 83' lang='lat' dir='ltr'>des</span> <span class='ocrx_word' id='word_1_13' title='bbox 1640 251 1778 311; x_wconf 71' lang='lat' dir='ltr'>caufi’s</span> <span class='ocrx_word' id='word_1_14' title='bbox 1806 251 1868 298; x_wconf 84' lang='lat' dir='ltr'>du</span> <span class='ocrx_word' id='word_1_15' title='bbox 1902 262 2166 299; x_wconf 81' lang='lat' dir='ltr'>mouvement</span> <span class='ocrx_word' id='word_1_16' title='bbox 2194 250 2257 300; x_wconf 83' lang='lat' dir='ltr'>du</span> <span class='ocrx_word' id='word_1_17' title='bbox 2289 269 2400 301; x_wconf 78' lang='lat' dir='ltr'>coeur</span> <span class='ocrx_word' id='word_1_18' title='bbox 2466 300 2476 301; x_wconf 23' lang='lat' dir='ltr'>o</span> 
     </span>
    </p>
   </div>
   <div class='ocr_carea' id='block_1_3' title="bbox 320 314 2401 883">
    <p class='ocr_par' dir='ltr' id='par_1_3' title="bbox 320 314 2401 883">
     <span class='ocr_line' id='line_1_3' title="bbox 330 314 2401 380; baseline -0.002 -12"><span class='ocrx_word' id='word_1_19' title='bbox 330 316 578 378; x_wconf 45' lang='lat' dir='ltr'>‚Toulouse</span> <span class='ocrx_word' id='word_1_20' title='bbox 605 328 740 380; x_wconf 64' lang='lat'>1715.</span> <span class='ocrx_word' id='word_1_21' title='bbox 777 315 859 374; x_wconf 69' lang='lat'>4*</span> <span class='ocrx_word' id='word_1_22' title='bbox 923 318 1037 372; x_wconf 88' lang='lat' dir='ltr'>Non</span> <span class='ocrx_word' id='word_1_23' title='bbox 1073 315 1165 363; x_wconf 85' lang='lat' dir='ltr'>fine</span> <span class='ocrx_word' id='word_1_24' title='bbox 1203 316 1357 363; x_wconf 82' lang='lat' dir='ltr'>labore</span> <span class='ocrx_word' id='word_1_25' title='bbox 1396 326 1555 361; x_wconf 88' lang='lat' dir='ltr'>natum</span> <span class='ocrx_word' id='word_1_26' title='bbox 1598 331 1747 376; x_wconf 91' lang='lat' dir='ltr'>opus,</span> <span class='ocrx_word' id='word_1_27' title='bbox 1793 314 1872 361; x_wconf 85' lang='lat' dir='ltr'>etfi</span> <span class='ocrx_word' id='word_1_28' title='bbox 1909 314 2143 363; x_wconf 86' lang='lat' dir='ltr'>fermentis</span> <span class='ocrx_word' id='word_1_29' title='bbox 2176 318 2218 363; x_wconf 90' lang='lat'>&amp;</span> <span class='ocrx_word' id='word_1_30' title='bbox 2255 316 2401 378; x_wconf 83' lang='lat' dir='ltr'>hypo-</span> 
     </span>
     <span class='ocr_line' id='line_1_4' title="bbox 338 377 2399 438; baseline -0.001 -8"><span class='ocrx_word' id='word_1_31' title='bbox 338 381 540 431; x_wconf 77' lang='lat' dir='ltr'>thesibus</span> <span class='ocrx_word' id='word_1_32' title='bbox 575 381 802 427; x_wconf 88' lang='lat' dir='ltr'>vitiatum.</span> <span class='ocrx_word' id='word_1_33' title='bbox 886 382 1113 438; x_wconf 51' lang='lat' dir='ltr'>¹¹Quatuor</span> <span class='ocrx_word' id='word_1_34' title='bbox 1149 378 1298 427; x_wconf 81' lang='lat' dir='ltr'>causas</span> <span class='ocrx_word' id='word_1_35' title='bbox 1346 377 1426 424; x_wconf 81' lang='lat' dir='ltr'>effe</span> <span class='ocrx_word' id='word_1_36' title='bbox 1472 378 1795 425; x_wconf 64' lang='lat' dir='ltr'>contractionis</span> <span class='ocrx_word' id='word_1_37' title='bbox 1831 379 2006 433; x_wconf 88' lang='lat' dir='ltr'>cordis,</span> <span class='ocrx_word' id='word_1_38' title='bbox 2048 379 2168 426; x_wconf 87' lang='lat' dir='ltr'>inter</span> <span class='ocrx_word' id='word_1_39' title='bbox 2203 395 2275 427; x_wconf 88' lang='lat' dir='ltr'>eas</span> <span class='ocrx_word' id='word_1_40' title='bbox 2313 382 2399 428; x_wconf 88' lang='lat' dir='ltr'>ela-</span> 
     </span>
     <span class='ocr_line' id='line_1_5' title="bbox 339 441 2400 505; baseline -0.002 -11"><span class='ocrx_word' id='word_1_41' title='bbox 339 459 484 494; x_wconf 87' lang='lat' dir='ltr'>terem</span> <span class='ocrx_word' id='word_1_42' title='bbox 517 443 734 493; x_wconf 81' lang='lat' dir='ltr'>fibrarum</span> <span class='ocrx_word' id='word_1_43' title='bbox 763 453 1023 491; x_wconf 80' lang='lat' dir='ltr'>carucarum</span> <span class='ocrx_word' id='word_1_44' title='bbox 1041 479 1053 498; x_wconf 91' lang='lat'>,</span> <span class='ocrx_word' id='word_1_45' title='bbox 1089 441 1355 505; x_wconf 84' lang='lat' dir='ltr'>sanguinem</span> <span class='ocrx_word' id='word_1_46' title='bbox 1384 442 1649 489; x_wconf 83' lang='lat' dir='ltr'>arteriarum</span> <span class='ocrx_word' id='word_1_47' title='bbox 1678 443 2018 488; x_wconf 86' lang='lat' dir='ltr'>coronariarum</span> <span class='ocrx_word' id='word_1_48' title='bbox 2050 441 2128 489; x_wconf 85' lang='lat' dir='ltr'>sua</span> <span class='ocrx_word' id='word_1_49' title='bbox 2157 441 2260 489; x_wconf 86' lang='lat' dir='ltr'>vasa</span> <span class='ocrx_word' id='word_1_50' title='bbox 2289 443 2400 490; x_wconf 86' lang='lat' dir='ltr'>dila-</span> 
     </span>
     <span class='ocr_line' id='line_1_6' title="bbox 338 505 2399 567; baseline -0.002 -10"><span class='ocrx_word' id='word_1_51' title='bbox 338 511 540 558; x_wconf 87' lang='lat' dir='ltr'>tantium</span> <span class='ocrx_word' id='word_1_52' title='bbox 568 509 610 554; x_wconf 86' lang='lat'>&amp;</span> <span class='ocrx_word' id='word_1_53' title='bbox 647 524 725 553; x_wconf 88' lang='lat' dir='ltr'>cor</span> <span class='ocrx_word' id='word_1_54' title='bbox 763 507 1124 561; x_wconf 85' lang='lat' dir='ltr'>decurtantium,</span> <span class='ocrx_word' id='word_1_55' title='bbox 1177 510 1219 554; x_wconf 82' lang='lat'>&amp;</span> <span class='ocrx_word' id='word_1_56' title='bbox 1259 518 1406 567; x_wconf 88' lang='lat' dir='ltr'>partes</span> <span class='ocrx_word' id='word_1_57' title='bbox 1442 509 1554 553; x_wconf 84' lang='lat' dir='ltr'>a&#39;e&#39;ris</span> <span class='ocrx_word' id='word_1_58' title='bbox 1586 505 1797 552; x_wconf 81' lang='lat' dir='ltr'>elasticas.</span> <span class='ocrx_word' id='word_1_59' title='bbox 1891 506 2064 553; x_wconf 82' lang='lat' dir='ltr'>Similia</span> <span class='ocrx_word' id='word_1_60' title='bbox 2103 507 2152 552; x_wconf 91' lang='lat' dir='ltr'>in</span> <span class='ocrx_word' id='word_1_61' title='bbox 2184 506 2399 553; x_wconf 75' lang='lat' dir='ltr'>auriculis</span> 
     </span>
     <span class='ocr_line' id='line_1_7' title="bbox 337 568 2398 631; baseline -0.002 -11"><span class='ocrx_word' id='word_1_62' title='bbox 337 576 494 621; x_wconf 90' lang='lat' dir='ltr'>locum</span> <span class='ocrx_word' id='word_1_63' title='bbox 519 571 699 631; x_wconf 78' lang='lat' dir='ltr'>habere.</span> <span class='ocrx_word' id='word_1_64' title='bbox 768 573 966 618; x_wconf 85' lang='lat' dir='ltr'>Arterias</span> <span class='ocrx_word' id='word_1_65' title='bbox 992 572 1139 628; x_wconf 88' lang='lat' dir='ltr'>cordis</span> <span class='ocrx_word' id='word_1_66' title='bbox 1171 569 1430 617; x_wconf 79' lang='lat' dir='ltr'>exhalantes</span> <span class='ocrx_word' id='word_1_67' title='bbox 1461 569 1535 616; x_wconf 89' lang='lat' dir='ltr'>hic</span> <span class='ocrx_word' id='word_1_68' title='bbox 1562 571 1739 630; x_wconf 84' lang='lat' dir='ltr'>repetit.</span> <span class='ocrx_word' id='word_1_69' title='bbox 1825 569 2010 616; x_wconf 86' lang='lat' dir='ltr'>Novam</span> <span class='ocrx_word' id='word_1_70' title='bbox 2051 568 2398 630; x_wconf 82' lang='lat' dir='ltr'>descriptionem</span> 
     </span>
     <span class='ocr_line' id='line_1_8' title="bbox 339 631 2396 687; baseline -0.002 -3"><span class='ocrx_word' id='word_1_71' title='bbox 339 639 417 684; x_wconf 88' lang='lat' dir='ltr'>dat</span> <span class='ocrx_word' id='word_1_72' title='bbox 456 651 679 684; x_wconf 88' lang='lat' dir='ltr'>venarum</span> <span class='ocrx_word' id='word_1_73' title='bbox 717 635 1089 685; x_wconf 73' lang='lat' dir='ltr'>coronaria‘rum3</span> <span class='ocrx_word' id='word_1_74' title='bbox 1151 635 1486 686; x_wconf 77' lang='lat' dir='ltr'>innominatas‚</span> <span class='ocrx_word' id='word_1_75' title='bbox 1529 634 1751 686; x_wconf 87' lang='lat' dir='ltr'>mediam,</span> <span class='ocrx_word' id='word_1_76' title='bbox 1794 631 1942 678; x_wconf 82' lang='lat' dir='ltr'>sinum</span> <span class='ocrx_word' id='word_1_77' title='bbox 1977 631 2200 680; x_wconf 84' lang='lat' dir='ltr'>venofum</span> <span class='ocrx_word' id='word_1_78' title='bbox 2236 632 2396 687; x_wconf 88' lang='lat' dir='ltr'>addit,</span> 
     </span>
     <span class='ocr_line' id='line_1_9' title="bbox 339 694 2400 763; baseline -0.002 -16"><span class='ocrx_word' id='word_1_79' title='bbox 339 705 382 748; x_wconf 67' lang='grc' dir='ltr'>ἃ</span> <span class='ocrx_word' id='word_1_80' title='bbox 408 698 691 763; x_wconf 85' lang='lat' dir='ltr'>profundum</span> <span class='ocrx_word' id='word_1_81' title='bbox 722 714 896 744; x_wconf 88' lang='lat' dir='ltr'>ramum</span> <span class='ocrx_word' id='word_1_82' title='bbox 935 694 1216 743; x_wconf 87' lang='lat' dir='ltr'>arteriosum.</span> <span class='ocrx_word' id='word_1_83' title='bbox 1308 696 1547 742; x_wconf 86' lang='lat' dir='ltr'>Fibrarum</span> <span class='ocrx_word' id='word_1_84' title='bbox 1586 697 1735 742; x_wconf 90' lang='lat' dir='ltr'>cordis</span> <span class='ocrx_word' id='word_1_85' title='bbox 1776 694 2006 743; x_wconf 86' lang='lat' dir='ltr'>difficilem</span> <span class='ocrx_word' id='word_1_86' title='bbox 2050 695 2400 757; x_wconf 78' lang='lat' dir='ltr'>descriptionem</span> 
     </span>
     <span class='ocr_line' id='line_1_10' title="bbox 320 758 2397 826; baseline -0.002 -15"><span class='ocrx_word' id='word_1_87' title='bbox 320 765 558 826; x_wconf 63' lang='lat' dir='ltr'>*proponit</span> <span class='ocrx_word' id='word_1_88' title='bbox 574 797 587 816; x_wconf 94' lang='lat'>,</span> <span class='ocrx_word' id='word_1_89' title='bbox 617 778 729 822; x_wconf 89' lang='lat' dir='ltr'>quas</span> <span class='ocrx_word' id='word_1_90' title='bbox 760 773 891 820; x_wconf 85' lang='lat' dir='ltr'>putat</span> <span class='ocrx_word' id='word_1_91' title='bbox 917 772 1147 819; x_wconf 85' lang='lat' dir='ltr'>tamquam</span> <span class='ocrx_word' id='word_1_92' title='bbox 1174 774 1322 804; x_wconf 89' lang='lat' dir='ltr'>ramos</span> <span class='ocrx_word' id='word_1_93' title='bbox 1352 774 1407 803; x_wconf 82' lang='lat' dir='ltr'>ex</span> <span class='ocrx_word' id='word_1_94' title='bbox 1430 760 1605 816; x_wconf 75' lang='lat' dir='ltr'>arteriis</span> <span class='ocrx_word' id='word_1_95' title='bbox 1630 759 1763 812; x_wconf 90' lang='lat' dir='ltr'>oriri,</span> <span class='ocrx_word' id='word_1_96' title='bbox 1803 762 1844 806; x_wconf 89' lang='lat'>&amp;</span> <span class='ocrx_word' id='word_1_97' title='bbox 1870 759 2119 807; x_wconf 86' lang='lat' dir='ltr'>secundum</span> <span class='ocrx_word' id='word_1_98' title='bbox 2137 777 2209 807; x_wconf 86' lang='lat' dir='ltr'>eas</span> <span class='ocrx_word' id='word_1_99' title='bbox 2233 758 2397 807; x_wconf 88' lang='lat' dir='ltr'>descri-</span> 
     </span>
     <span class='ocr_line' id='line_1_11' title="bbox 334 823 2270 883; baseline -0.004 -6"><span class='ocrx_word' id='word_1_100' title='bbox 334 828 419 877; x_wconf 87' lang='lat' dir='ltr'>bit.</span> <span class='ocrx_word' id='word_1_101' title='bbox 488 828 626 874; x_wconf 81' lang='lat' dir='ltr'>Bonae</span> <span class='ocrx_word' id='word_1_102' title='bbox 647 825 722 871; x_wconf 89' lang='lat' dir='ltr'>hic</span> <span class='ocrx_word' id='word_1_103' title='bbox 748 826 916 870; x_wconf 89' lang='lat' dir='ltr'>icones.</span> <span class='ocrx_word' id='word_1_104' title='bbox 988 824 1263 883; x_wconf 85' lang='lat' dir='ltr'>Sanguinem</span> <span class='ocrx_word' id='word_1_105' title='bbox 1290 837 1386 867; x_wconf 88' lang='lat' dir='ltr'>non</span> <span class='ocrx_word' id='word_1_106' title='bbox 1418 823 1608 868; x_wconf 89' lang='lat' dir='ltr'>celerius</span> <span class='ocrx_word' id='word_1_107' title='bbox 1645 838 1724 882; x_wconf 85' lang='lat' dir='ltr'>per</span> <span class='ocrx_word' id='word_1_108' title='bbox 1749 825 1988 882; x_wconf 88' lang='lat' dir='ltr'>pulmones</span> <span class='ocrx_word' id='word_1_109' title='bbox 2016 825 2270 870; x_wconf 87' lang='lat' dir='ltr'>circumire.</span> 
     </span>
    </p>
   </div>
   <div class='ocr_carea' id='block_1_4' title="bbox 335 900 2402 1474">
    <p class='ocr_par' dir='ltr' id='par_1_4' title="bbox 335 900 2402 1474">
     <span class='ocr_line' id='line_1_12' title="bbox 469 900 2400 969; baseline -0.002 -13"><span class='ocrx_word' id='word_1_110' title='bbox 469 909 593 969; x_wconf 84' lang='lat' dir='ltr'>EJUS</span> <span class='ocrx_word' id='word_1_111' title='bbox 636 907 786 952; x_wconf 83' lang='lat' dir='ltr'>Traite&#39;</span> <span class='ocrx_word' id='word_1_112' title='bbox 798 903 850 949; x_wconf 85' lang='lat' dir='ltr'>de</span> <span class='ocrx_word' id='word_1_113' title='bbox 872 904 1133 964; x_wconf 59' lang='lat' dir='ltr'>lastruffure</span> <span class='ocrx_word' id='word_1_114' title='bbox 1147 902 1198 948; x_wconf 83' lang='lat' dir='ltr'>de</span> <span class='ocrx_word' id='word_1_115' title='bbox 1212 902 1384 949; x_wconf 72' lang='lat' dir='ltr'>l’oreille</span> <span class='ocrx_word' id='word_1_116' title='bbox 1419 900 1652 949; x_wconf 85' lang='lat' dir='ltr'>Toulouse</span> <span class='ocrx_word' id='word_1_117' title='bbox 1680 915 1814 962; x_wconf 90' lang='lat'><em>1714.</em></span> <span class='ocrx_word' id='word_1_118' title='bbox 1835 901 1918 961; x_wconf 84' lang='lat'>4.*</span> <span class='ocrx_word' id='word_1_119' title='bbox 1955 921 2057 951; x_wconf 90' lang='lat' dir='ltr'>cum</span> <span class='ocrx_word' id='word_1_120' title='bbox 2081 905 2221 964; x_wconf 88' lang='lat' dir='ltr'>priori</span> <span class='ocrx_word' id='word_1_121' title='bbox 2241 902 2400 952; x_wconf 68' lang='lat' dir='ltr'>obscu-</span> 
     </span>
     <span class='ocr_line' id='line_1_13' title="bbox 335 964 2396 1026; baseline -0.003 -4"><span class='ocrx_word' id='word_1_122' title='bbox 335 990 416 1022; x_wconf 80' lang='lat' dir='ltr'>rus</span> <span class='ocrx_word' id='word_1_123' title='bbox 449 973 626 1019; x_wconf 87' lang='lat' dir='ltr'>libellus</span> <span class='ocrx_word' id='word_1_124' title='bbox 645 1002 658 1021; x_wconf 90' lang='lat'>,</span> <span class='ocrx_word' id='word_1_125' title='bbox 691 971 844 1014; x_wconf 84' lang='lat' dir='ltr'>icones</span> <span class='ocrx_word' id='word_1_126' title='bbox 875 979 994 1014; x_wconf 89' lang='lat' dir='ltr'>certe</span> <span class='ocrx_word' id='word_1_127' title='bbox 1032 969 1082 1014; x_wconf 87' lang='lat' dir='ltr'>in</span> <span class='ocrx_word' id='word_1_128' title='bbox 1114 983 1214 1012; x_wconf 88' lang='lat' dir='ltr'>meo</span> <span class='ocrx_word' id='word_1_129' title='bbox 1247 968 1457 1026; x_wconf 85' lang='lat' dir='ltr'>exemplo</span> <span class='ocrx_word' id='word_1_130' title='bbox 1482 964 1707 1018; x_wconf 81' lang='lat' dir='ltr'>obscurae,</span> <span class='ocrx_word' id='word_1_131' title='bbox 1750 966 1797 1012; x_wconf 87' lang='lat' dir='ltr'>id</span> <span class='ocrx_word' id='word_1_132' title='bbox 1828 980 1882 1013; x_wconf 91' lang='lat' dir='ltr'>ut</span> <span class='ocrx_word' id='word_1_133' title='bbox 1904 968 2010 1012; x_wconf 86' lang='lat' dir='ltr'>alibi</span> <span class='ocrx_word' id='word_1_134' title='bbox 2040 969 2204 1019; x_wconf 84' lang='lat' dir='ltr'>vitium</span> <span class='ocrx_word' id='word_1_135' title='bbox 2230 967 2396 1022; x_wconf 81' lang='lat' dir='ltr'>habet.</span> 
     </span>
     <span class='ocr_line' id='line_1_14' title="bbox 337 1028 2397 1099; baseline -0.002 -16"><span class='ocrx_word' id='word_1_136' title='bbox 337 1036 464 1099; x_wconf 88' lang='lat' dir='ltr'>quod</span> <span class='ocrx_word' id='word_1_137' title='bbox 506 1032 707 1081; x_wconf 87' lang='lat' dir='ltr'>eamdem</span> <span class='ocrx_word' id='word_1_138' title='bbox 746 1031 949 1090; x_wconf 83' lang='lat' dir='ltr'>corporis</span> <span class='ocrx_word' id='word_1_139' title='bbox 991 1043 1160 1092; x_wconf 81' lang='lat' dir='ltr'>partem</span> <span class='ocrx_word' id='word_1_140' title='bbox 1199 1031 1285 1076; x_wconf 85' lang='lat' dir='ltr'>alia</span> <span class='ocrx_word' id='word_1_141' title='bbox 1318 1032 1360 1076; x_wconf 87' lang='lat'>&amp;</span> <span class='ocrx_word' id='word_1_142' title='bbox 1400 1032 1450 1075; x_wconf 86' lang='lat' dir='ltr'>in</span> <span class='ocrx_word' id='word_1_143' title='bbox 1487 1031 1573 1076; x_wconf 87' lang='lat' dir='ltr'>alia</span> <span class='ocrx_word' id='word_1_144' title='bbox 1614 1028 1714 1075; x_wconf 84' lang='lat' dir='ltr'>sede</span> <span class='ocrx_word' id='word_1_145' title='bbox 1750 1032 1848 1076; x_wconf 81' lang='lat' dir='ltr'>aliis</span> <span class='ocrx_word' id='word_1_146' title='bbox 1880 1031 2148 1077; x_wconf 88' lang='lat' dir='ltr'>nominibus</span> <span class='ocrx_word' id='word_1_147' title='bbox 2180 1030 2397 1091; x_wconf 72' lang='lat' dir='ltr'>designet.</span> 
     </span>
     <span class='ocr_line' id='line_1_15' title="bbox 336 1093 2396 1155; baseline -0.003 -8"><span class='ocrx_word' id='word_1_148' title='bbox 336 1099 496 1151; x_wconf 71' lang='lat' dir='ltr'>Malloi</span> <span class='ocrx_word' id='word_1_149' title='bbox 535 1097 648 1143; x_wconf 83' lang='lat' dir='ltr'>duos</span> <span class='ocrx_word' id='word_1_150' title='bbox 678 1093 905 1141; x_wconf 87' lang='lat' dir='ltr'>musculos</span> <span class='ocrx_word' id='word_1_151' title='bbox 931 1096 980 1140; x_wconf 88' lang='lat' dir='ltr'>in</span> <span class='ocrx_word' id='word_1_152' title='bbox 1016 1111 1161 1141; x_wconf 89' lang='lat' dir='ltr'>unum</span> <span class='ocrx_word' id='word_1_153' title='bbox 1184 1093 1566 1154; x_wconf 84' lang='lat' dir='ltr'>monogastricum</span> <span class='ocrx_word' id='word_1_154' title='bbox 1601 1094 1844 1155; x_wconf 85' lang='lat' dir='ltr'>conjungit</span> <span class='ocrx_word' id='word_1_155' title='bbox 1866 1128 1878 1147; x_wconf 95' lang='lat'>,</span> <span class='ocrx_word' id='word_1_156' title='bbox 1907 1106 1960 1140; x_wconf 86' lang='lat' dir='ltr'>ut</span> <span class='ocrx_word' id='word_1_157' title='bbox 2001 1094 2126 1153; x_wconf 90' lang='lat' dir='ltr'>prius</span> <span class='ocrx_word' id='word_1_158' title='bbox 2163 1095 2396 1142; x_wconf 62' lang='lat' dir='ltr'>Maurus.</span> 
     </span>
     <span class='ocr_line' id='line_1_16' title="bbox 337 1155 2399 1218; baseline -0.003 -8"><span class='ocrx_word' id='word_1_159' title='bbox 337 1161 538 1214; x_wconf 89' lang='lat' dir='ltr'>Musculi</span> <span class='ocrx_word' id='word_1_160' title='bbox 572 1159 785 1205; x_wconf 82' lang='lat' dir='ltr'>auriculae</span> <span class='ocrx_word' id='word_1_161' title='bbox 829 1158 1058 1211; x_wconf 90' lang='lat' dir='ltr'>anterior,</span> <span class='ocrx_word' id='word_1_162' title='bbox 1103 1156 1336 1218; x_wconf 86' lang='lat' dir='ltr'>superior,</span> <span class='ocrx_word' id='word_1_163' title='bbox 1386 1157 1478 1203; x_wconf 91' lang='lat' dir='ltr'>duo</span> <span class='ocrx_word' id='word_1_164' title='bbox 1509 1156 1790 1217; x_wconf 89' lang='lat' dir='ltr'>posteriores.</span> <span class='ocrx_word' id='word_1_165' title='bbox 1875 1155 1989 1204; x_wconf 87' lang='lat' dir='ltr'>Fuse</span> <span class='ocrx_word' id='word_1_166' title='bbox 2019 1157 2073 1202; x_wconf 90' lang='lat' dir='ltr'>de</span> <span class='ocrx_word' id='word_1_167' title='bbox 2101 1158 2399 1211; x_wconf 81' lang='lat' dir='ltr'>membrana,</span> 
     </span>
     <span class='ocr_line' id='line_1_17' title="bbox 337 1218 2402 1290; baseline -0.003 -17"><span class='ocrx_word' id='word_1_168' title='bbox 337 1244 439 1290; x_wconf 68' lang='lat' dir='ltr'>quae</span> <span class='ocrx_word' id='word_1_169' title='bbox 478 1222 748 1286; x_wconf 86' lang='lat' dir='ltr'>periosteum</span> <span class='ocrx_word' id='word_1_170' title='bbox 792 1220 854 1267; x_wconf 88' lang='lat' dir='ltr'>est</span> <span class='ocrx_word' id='word_1_171' title='bbox 891 1224 1125 1282; x_wconf 83' lang='lat' dir='ltr'>tympani,</span> <span class='ocrx_word' id='word_1_172' title='bbox 1167 1223 1209 1267; x_wconf 88' lang='lat'>&amp;</span> <span class='ocrx_word' id='word_1_173' title='bbox 1235 1236 1331 1266; x_wconf 88' lang='lat' dir='ltr'>eam</span> <span class='ocrx_word' id='word_1_174' title='bbox 1360 1237 1540 1266; x_wconf 86' lang='lat' dir='ltr'>caveam</span> <span class='ocrx_word' id='word_1_175' title='bbox 1568 1222 1789 1267; x_wconf 85' lang='lat' dir='ltr'>acellulis</span> <span class='ocrx_word' id='word_1_176' title='bbox 1815 1221 2070 1267; x_wconf 89' lang='lat' dir='ltr'>mastoideis</span> <span class='ocrx_word' id='word_1_177' title='bbox 2108 1218 2308 1281; x_wconf 84' lang='lat' dir='ltr'>separat,</span> <span class='ocrx_word' id='word_1_178' title='bbox 2358 1222 2402 1267; x_wconf 88' lang='lat'><strong>&amp;</strong></span> 
     </span>
     <span class='ocr_line' id='line_1_18' title="bbox 336 1283 2401 1350; baseline -0.004 -12"><span class='ocrx_word' id='word_1_179' title='bbox 336 1287 582 1350; x_wconf 80' lang='lat' dir='ltr'>aliquando</span> <span class='ocrx_word' id='word_1_180' title='bbox 614 1286 669 1332; x_wconf 88' lang='lat' dir='ltr'>ad</span> <span class='ocrx_word' id='word_1_181' title='bbox 704 1283 816 1346; x_wconf 83' lang='lat' dir='ltr'>septi</span> <span class='ocrx_word' id='word_1_182' title='bbox 854 1285 1044 1332; x_wconf 90' lang='lat' dir='ltr'>modum</span> <span class='ocrx_word' id='word_1_183' title='bbox 1077 1298 1349 1345; x_wconf 86' lang='lat' dir='ltr'>tympanum</span> <span class='ocrx_word' id='word_1_184' title='bbox 1379 1284 1578 1344; x_wconf 88' lang='lat' dir='ltr'>bipertit.</span> <span class='ocrx_word' id='word_1_185' title='bbox 1667 1285 1985 1331; x_wconf 85' lang='lat' dir='ltr'>Membranam</span> <span class='ocrx_word' id='word_1_186' title='bbox 2024 1283 2236 1331; x_wconf 87' lang='lat' dir='ltr'>vestibuli</span> <span class='ocrx_word' id='word_1_187' title='bbox 2264 1284 2401 1331; x_wconf 87' lang='lat' dir='ltr'>etiam</span> 
     </span>
     <span class='ocr_line' id='line_1_19' title="bbox 335 1346 2401 1411; baseline -0.002 -11"><span class='ocrx_word' id='word_1_188' title='bbox 335 1355 501 1406; x_wconf 84' lang='lat' dir='ltr'>habet,</span> <span class='ocrx_word' id='word_1_189' title='bbox 536 1353 578 1398; x_wconf 74' lang='lat' dir='ltr'>«Sc</span> <span class='ocrx_word' id='word_1_190' title='bbox 605 1347 835 1411; x_wconf 84' lang='lat' dir='ltr'>ipfiffimas</span> <span class='ocrx_word' id='word_1_191' title='bbox 859 1365 996 1397; x_wconf 88' lang='lat' dir='ltr'>zonas</span> <span class='ocrx_word' id='word_1_192' title='bbox 1022 1350 1304 1396; x_wconf 73' lang='lat' dir='ltr'>VALSALVAE</span> <span class='ocrx_word' id='word_1_193' title='bbox 1325 1381 1337 1400; x_wconf 90' lang='lat'>,</span> <span class='ocrx_word' id='word_1_194' title='bbox 1373 1346 1566 1394; x_wconf 85' lang='lat' dir='ltr'>humore</span> <span class='ocrx_word' id='word_1_195' title='bbox 1593 1348 1823 1402; x_wconf 80' lang='lat' dir='ltr'>madidas,</span> <span class='ocrx_word' id='word_1_196' title='bbox 1861 1349 1935 1408; x_wconf 80' lang='lat' dir='ltr'>qui</span> <span class='ocrx_word' id='word_1_197' title='bbox 1974 1347 2055 1394; x_wconf 81' lang='lat' dir='ltr'>fiat</span> <span class='ocrx_word' id='word_1_198' title='bbox 2083 1364 2139 1394; x_wconf 83' lang='lat' dir='ltr'>ex</span> <span class='ocrx_word' id='word_1_199' title='bbox 2167 1346 2401 1410; x_wconf 89' lang='lat' dir='ltr'>spiritibus</span> 
     </span>
     <span class='ocr_line' id='line_1_20' title="bbox 336 1410 2402 1474; baseline -0.003 -9"><span class='ocrx_word' id='word_1_200' title='bbox 336 1415 607 1465; x_wconf 86' lang='lat' dir='ltr'>animalibus</span> <span class='ocrx_word' id='word_1_201' title='bbox 637 1414 902 1474; x_wconf 83' lang='lat' dir='ltr'>coagulatis.</span> <span class='ocrx_word' id='word_1_202' title='bbox 968 1415 1040 1461; x_wconf 88' lang='lat' dir='ltr'>De</span> <span class='ocrx_word' id='word_1_203' title='bbox 1072 1413 1208 1460; x_wconf 86' lang='lat' dir='ltr'>ramis</span> <span class='ocrx_word' id='word_1_204' title='bbox 1238 1413 1371 1459; x_wconf 88' lang='lat' dir='ltr'>nervi</span> <span class='ocrx_word' id='word_1_205' title='bbox 1402 1412 1578 1466; x_wconf 86' lang='lat' dir='ltr'>mollis,</span> <span class='ocrx_word' id='word_1_206' title='bbox 1619 1414 1660 1458; x_wconf 72' lang='grc' dir='ltr'>δε</span> <span class='ocrx_word' id='word_1_207' title='bbox 1685 1410 1854 1473; x_wconf 86' lang='lat' dir='ltr'>scypho</span> <span class='ocrx_word' id='word_1_208' title='bbox 1881 1412 2012 1458; x_wconf 87' lang='lat' dir='ltr'>nervi</span> <span class='ocrx_word' id='word_1_209' title='bbox 2042 1412 2198 1473; x_wconf 87' lang='lat' dir='ltr'>optici.</span> <span class='ocrx_word' id='word_1_210' title='bbox 2284 1412 2402 1459; x_wconf 90' lang='lat' dir='ltr'>Ner-</span> 
     </span>
    </p>
   </div>
   <div class='ocr_carea' id='block_1_5' title="bbox 334 1477 888 1530">
    <p class='ocr_par' dir='ltr' id='par_1_5' title="bbox 334 1477 888 1530">
     <span class='ocr_line' id='line_1_21' title="bbox 334 1477 888 1530; baseline -0.009 0"><span class='ocrx_word' id='word_1_211' title='bbox 334 1497 421 1530; x_wconf 80' lang='lat' dir='ltr'>vus</span> <span class='ocrx_word' id='word_1_212' title='bbox 445 1479 597 1527; x_wconf 83' lang='lat' dir='ltr'>mollis</span> <span class='ocrx_word' id='word_1_213' title='bbox 620 1477 888 1525; x_wconf 82' lang='lat' dir='ltr'>accuratius.</span> 
     </span>
    </p>
   </div>
   <div class='ocr_carea' id='block_1_6' title="bbox 334 1556 2400 1684">
    <p class='ocr_par' dir='ltr' id='par_1_6' title="bbox 334 1556 2400 1684">
     <span class='ocr_line' id='line_1_22' title="bbox 464 1556 2400 1622; baseline -0.001 -14"><span class='ocrx_word' id='word_1_214' title='bbox 464 1562 577 1609; x_wconf 84' lang='lat' dir='ltr'>Haec</span> <span class='ocrx_word' id='word_1_215' title='bbox 607 1562 818 1622; x_wconf 89' lang='lat' dir='ltr'>pleraque</span> <span class='ocrx_word' id='word_1_216' title='bbox 843 1560 936 1622; x_wconf 86' lang='lat' dir='ltr'>jam</span> <span class='ocrx_word' id='word_1_217' title='bbox 965 1557 1225 1621; x_wconf 81' lang='lat' dir='ltr'>prodiderat</span> <span class='ocrx_word' id='word_1_218' title='bbox 1259 1558 1310 1605; x_wconf 89' lang='lat' dir='ltr'>in</span> <span class='ocrx_word' id='word_1_219' title='bbox 1342 1557 1510 1621; x_wconf 84' lang='lat' dir='ltr'>epistola</span> <span class='ocrx_word' id='word_1_220' title='bbox 1543 1556 1605 1605; x_wconf 77' lang='lat' dir='ltr'>ad</span> <span class='ocrx_word' id='word_1_221' title='bbox 1622 1557 1737 1608; x_wconf 88' lang='lat' dir='ltr'>Soc.</span> <span class='ocrx_word' id='word_1_222' title='bbox 1765 1557 1892 1607; x_wconf 80' lang='lat' dir='ltr'>REG.</span> <span class='ocrx_word' id='word_1_223' title='bbox 1917 1560 2111 1612; x_wconf 66' lang='lat' dir='ltr'>LOND„</span> <span class='ocrx_word' id='word_1_224' title='bbox 2151 1573 2253 1619; x_wconf 83' lang='lat' dir='ltr'>quae</span> <span class='ocrx_word' id='word_1_225' title='bbox 2274 1575 2400 1622; x_wconf 87' lang='lat' dir='ltr'>repe-</span> 
     </span>
     <span class='ocr_line' id='line_1_23' title="bbox 334 1623 1107 1684; baseline -0.008 -8"><span class='ocrx_word' id='word_1_226' title='bbox 334 1628 452 1676; x_wconf 81' lang='lat' dir='ltr'>ritur</span> <span class='ocrx_word' id='word_1_227' title='bbox 472 1626 523 1673; x_wconf 89' lang='lat' dir='ltr'>in</span> <span class='ocrx_word' id='word_1_228' title='bbox 547 1623 703 1684; x_wconf 73' lang='lat' dir='ltr'><em>Philofi</em></span> <span class='ocrx_word' id='word_1_229' title='bbox 744 1623 898 1683; x_wconf 83' lang='lat' dir='ltr'>Trans.</span> <span class='ocrx_word' id='word_1_230' title='bbox 930 1641 976 1670; x_wconf 90' lang='lat' dir='ltr'>n.</span> <span class='ocrx_word' id='word_1_231' title='bbox 997 1630 1107 1682; x_wconf 87' lang='lat'>258.</span> 
     </span>
    </p>
   </div>
   <div class='ocr_carea' id='block_1_7' title="bbox 334 1701 2401 2150">
    <p class='ocr_par' dir='ltr' id='par_1_7' title="bbox 334 1701 2401 2150">
     <span class='ocr_line' id='line_1_24' title="bbox 464 1701 2399 1769; baseline -0.002 -15"><span class='ocrx_word' id='word_1_232' title='bbox 464 1708 540 1769; x_wconf 87' lang='lat' dir='ltr'>EJ.</span> <span class='ocrx_word' id='word_1_233' title='bbox 586 1709 738 1755; x_wconf 80' lang='lat' dir='ltr'>Traite&#39;</span> <span class='ocrx_word' id='word_1_234' title='bbox 763 1705 836 1753; x_wconf 86' lang='lat' dir='ltr'>des</span> <span class='ocrx_word' id='word_1_235' title='bbox 858 1705 1044 1767; x_wconf 83' lang='lat' dir='ltr'>liqueurs</span> <span class='ocrx_word' id='word_1_236' title='bbox 1063 1703 1123 1751; x_wconf 85' lang='lat' dir='ltr'>du</span> <span class='ocrx_word' id='word_1_237' title='bbox 1153 1717 1273 1765; x_wconf 79' lang='lat' dir='ltr'>corps</span> <span class='ocrx_word' id='word_1_238' title='bbox 1297 1701 1473 1751; x_wconf 79' lang='lat' dir='ltr'>humain</span> <span class='ocrx_word' id='word_1_239' title='bbox 1502 1701 1734 1751; x_wconf 87' lang='lat' dir='ltr'>Toulouse</span> <span class='ocrx_word' id='word_1_240' title='bbox 1754 1704 1981 1763; x_wconf 64' lang='lat'>1715.4.*</span> <span class='ocrx_word' id='word_1_241' title='bbox 2045 1704 2201 1752; x_wconf 85' lang='lat' dir='ltr'>Multa</span> <span class='ocrx_word' id='word_1_242' title='bbox 2214 1702 2399 1764; x_wconf 86' lang='lat' dir='ltr'>quidem</span> 
     </span>
     <span class='ocr_line' id='line_1_25' title="bbox 334 1765 2400 1831; baseline -0.003 -11"><span class='ocrx_word' id='word_1_243' title='bbox 334 1771 471 1820; x_wconf 80' lang='lat' dir='ltr'>habet</span> <span class='ocrx_word' id='word_1_244' title='bbox 511 1787 567 1818; x_wconf 81' lang='lat' dir='ltr'>ex</span> <span class='ocrx_word' id='word_1_245' title='bbox 603 1770 831 1831; x_wconf 87' lang='lat' dir='ltr'>prioribus</span> <span class='ocrx_word' id='word_1_246' title='bbox 865 1770 1078 1830; x_wconf 86' lang='lat' dir='ltr'>operibus</span> <span class='ocrx_word' id='word_1_247' title='bbox 1113 1769 1303 1828; x_wconf 88' lang='lat' dir='ltr'>repetita</span> <span class='ocrx_word' id='word_1_248' title='bbox 1326 1803 1339 1823; x_wconf 93' lang='lat'>,</span> <span class='ocrx_word' id='word_1_249' title='bbox 1389 1767 1668 1828; x_wconf 80' lang='lat' dir='ltr'>potiffimum</span> <span class='ocrx_word' id='word_1_250' title='bbox 1708 1769 1844 1814; x_wconf 88' lang='lat' dir='ltr'>etiam</span> <span class='ocrx_word' id='word_1_251' title='bbox 1879 1766 2177 1828; x_wconf 87' lang='lat' dir='ltr'>hypotheses,</span> <span class='ocrx_word' id='word_1_252' title='bbox 2226 1769 2270 1814; x_wconf 76' lang='grc' dir='ltr'>δι</span> <span class='ocrx_word' id='word_1_253' title='bbox 2312 1765 2400 1814; x_wconf 88' lang='lat' dir='ltr'>fer-</span> 
     </span>
     <span class='ocr_line' id='line_1_26' title="bbox 334 1831 2401 1884; baseline -0.002 -1"><span class='ocrx_word' id='word_1_254' title='bbox 334 1848 502 1883; x_wconf 87' lang='lat' dir='ltr'>menta.</span> <span class='ocrx_word' id='word_1_255' title='bbox 570 1836 720 1882; x_wconf 82' lang='lat' dir='ltr'>Multa</span> <span class='ocrx_word' id='word_1_256' title='bbox 745 1847 900 1881; x_wconf 89' lang='lat' dir='ltr'>tamen</span> <span class='ocrx_word' id='word_1_257' title='bbox 931 1835 973 1879; x_wconf 88' lang='lat'>&amp;</span> <span class='ocrx_word' id='word_1_258' title='bbox 1000 1833 1124 1879; x_wconf 86' lang='lat' dir='ltr'>bona</span> <span class='ocrx_word' id='word_1_259' title='bbox 1150 1831 1289 1878; x_wconf 89' lang='lat' dir='ltr'>habet</span> <span class='ocrx_word' id='word_1_260' title='bbox 1329 1833 1609 1884; x_wconf 82' lang='lat' dir='ltr'>anatomica‚</span> <span class='ocrx_word' id='word_1_261' title='bbox 1641 1831 1696 1877; x_wconf 91' lang='lat' dir='ltr'>ad</span> <span class='ocrx_word' id='word_1_262' title='bbox 1724 1834 2001 1879; x_wconf 87' lang='lat' dir='ltr'>ventriculos</span> <span class='ocrx_word' id='word_1_263' title='bbox 2030 1831 2297 1878; x_wconf 81' lang='lat' dir='ltr'>animalium</span> <span class='ocrx_word' id='word_1_264' title='bbox 2324 1847 2401 1878; x_wconf 91' lang='lat' dir='ltr'>ru-</span> 
     </span>
     <span class='ocr_line' id='line_1_27' title="bbox 334 1894 2399 1956; baseline -0.002 -9"><span class='ocrx_word' id='word_1_265' title='bbox 334 1900 644 1951; x_wconf 86' lang='lat' dir='ltr'>minantium,</span> <span class='ocrx_word' id='word_1_266' title='bbox 683 1897 739 1944; x_wconf 86' lang='lat' dir='ltr'>ad</span> <span class='ocrx_word' id='word_1_267' title='bbox 774 1898 998 1945; x_wconf 91' lang='lat' dir='ltr'>circulum</span> <span class='ocrx_word' id='word_1_268' title='bbox 1034 1894 1319 1943; x_wconf 86' lang='lat' dir='ltr'>vasculosum</span> <span class='ocrx_word' id='word_1_269' title='bbox 1353 1897 1506 1948; x_wconf 86' lang='lat' dir='ltr'>iridis,</span> <span class='ocrx_word' id='word_1_270' title='bbox 1541 1897 1595 1941; x_wconf 89' lang='lat' dir='ltr'>ad</span> <span class='ocrx_word' id='word_1_271' title='bbox 1627 1896 1813 1956; x_wconf 84' lang='lat' dir='ltr'>papillas</span> <span class='ocrx_word' id='word_1_272' title='bbox 1834 1897 1955 1942; x_wconf 88' lang='lat' dir='ltr'>uteri</span> <span class='ocrx_word' id='word_1_273' title='bbox 1990 1895 2240 1942; x_wconf 85' lang='lat' dir='ltr'>muliebris.</span> <span class='ocrx_word' id='word_1_274' title='bbox 2328 1896 2399 1942; x_wconf 86' lang='lat' dir='ltr'>De</span> 
     </span>
     <span class='ocr_line' id='line_1_28' title="bbox 336 1957 2398 2024; baseline -0.002 -14"><span class='ocrx_word' id='word_1_275' title='bbox 336 1964 720 2024; x_wconf 84' lang='lat' dir='ltr'>temperamentis.</span> <span class='ocrx_word' id='word_1_276' title='bbox 791 1960 965 2023; x_wconf 84' lang='lat' dir='ltr'>Magna</span> <span class='ocrx_word' id='word_1_277' title='bbox 998 1957 1250 2021; x_wconf 79' lang='lat' dir='ltr'>fragmenta</span> <span class='ocrx_word' id='word_1_278' title='bbox 1287 1962 1512 2008; x_wconf 74' lang='lat' dir='ltr'>BERGERI</span> <span class='ocrx_word' id='word_1_279' title='bbox 1551 1976 1654 2005; x_wconf 88' lang='lat' dir='ltr'>cum</span> <span class='ocrx_word' id='word_1_280' title='bbox 1696 1958 2178 2006; x_wconf 84' lang='lat' dir='ltr'>animadversionibus.</span> <span class='ocrx_word' id='word_1_281' title='bbox 2255 1958 2398 2005; x_wconf 79' lang='lat' dir='ltr'>Porro</span> 
     </span>
     <span class='ocr_line' id='line_1_29' title="bbox 337 2022 2398 2087; baseline -0.003 -14"><span class='ocrx_word' id='word_1_282' title='bbox 337 2025 536 2087; x_wconf 85' lang='lat' dir='ltr'>analyses</span> <span class='ocrx_word' id='word_1_283' title='bbox 563 2027 708 2073; x_wconf 86' lang='lat' dir='ltr'>varias</span> <span class='ocrx_word' id='word_1_284' title='bbox 740 2022 1000 2086; x_wconf 74' lang='lat' dir='ltr'>sanguinis,</span> <span class='ocrx_word' id='word_1_285' title='bbox 1032 2022 1118 2071; x_wconf 86' lang='lat' dir='ltr'>seri</span> <span class='ocrx_word' id='word_1_286' title='bbox 1146 2023 1375 2084; x_wconf 87' lang='lat' dir='ltr'>ejusdem,</span> <span class='ocrx_word' id='word_1_287' title='bbox 1413 2022 1500 2070; x_wconf 86' lang='lat' dir='ltr'>sale</span> <span class='ocrx_word' id='word_1_288' title='bbox 1528 2023 1656 2069; x_wconf 86' lang='lat' dir='ltr'>acido</span> <span class='ocrx_word' id='word_1_289' title='bbox 1673 2041 1688 2076; x_wconf 85' lang='lat'>3</span> <span class='ocrx_word' id='word_1_290' title='bbox 1731 2023 1786 2070; x_wconf 84' lang='lat' dir='ltr'>de</span> <span class='ocrx_word' id='word_1_291' title='bbox 1818 2023 1916 2070; x_wconf 83' lang='lat' dir='ltr'>aliis</span> <span class='ocrx_word' id='word_1_292' title='bbox 1938 2022 2210 2070; x_wconf 87' lang='lat' dir='ltr'>humoribus</span> <span class='ocrx_word' id='word_1_293' title='bbox 2239 2037 2398 2083; x_wconf 84' lang='lat' dir='ltr'>corpo·</span> 
     </span>
     <span class='ocr_line' id='line_1_30' title="bbox 337 2087 1236 2150; baseline -0.004 -13"><span class='ocrx_word' id='word_1_294' title='bbox 337 2092 398 2138; x_wconf 87' lang='lat' dir='ltr'>ris</span> <span class='ocrx_word' id='word_1_295' title='bbox 428 2089 634 2137; x_wconf 87' lang='lat' dir='ltr'>humani.</span> <span class='ocrx_word' id='word_1_296' title='bbox 703 2087 821 2135; x_wconf 84' lang='lat' dir='ltr'>Vasa</span> <span class='ocrx_word' id='word_1_297' title='bbox 847 2088 1073 2150; x_wconf 89' lang='lat' dir='ltr'>pellucida</span> <span class='ocrx_word' id='word_1_298' title='bbox 1093 2103 1236 2134; x_wconf 83' lang='lat' dir='ltr'>uveae.</span> 
     </span>
    </p>
   </div>
   <div class='ocr_carea' id='block_1_8' title="bbox 337 2166 2400 2296">
    <p class='ocr_par' dir='ltr' id='par_1_8' title="bbox 337 2166 2400 2296">
     <span class='ocr_line' id='line_1_31' title="bbox 464 2166 2399 2233; baseline -0.003 -15"><span class='ocrx_word' id='word_1_299' title='bbox 464 2171 541 2233; x_wconf 83' lang='lat' dir='ltr'>E-J.</span> <span class='ocrx_word' id='word_1_300' title='bbox 592 2171 644 2217; x_wconf 83' lang='lat' dir='ltr'>de</span> <span class='ocrx_word' id='word_1_301' title='bbox 673 2170 836 2232; x_wconf 67' lang='lat' dir='ltr'>spiritu</span> <span class='ocrx_word' id='word_1_302' title='bbox 873 2170 1052 2216; x_wconf 79' lang='lat' dir='ltr'>animali</span> <span class='ocrx_word' id='word_1_303' title='bbox 1095 2170 1176 2229; x_wconf 83' lang='lat' dir='ltr'>Ep.</span> <span class='ocrx_word' id='word_1_304' title='bbox 1199 2169 1257 2216; x_wconf 82' lang='lat' dir='ltr'>II.</span> <span class='ocrx_word' id='word_1_305' title='bbox 1300 2168 1356 2214; x_wconf 83' lang='lat' dir='ltr'>ad</span> <span class='ocrx_word' id='word_1_306' title='bbox 1387 2169 1736 2221; x_wconf 69' lang='lat' dir='ltr'>MANGETUM,</span> <span class='ocrx_word' id='word_1_307' title='bbox 1781 2168 1966 2214; x_wconf 80' lang='lat' dir='ltr'>Nervos</span> <span class='ocrx_word' id='word_1_308' title='bbox 2001 2166 2207 2227; x_wconf 88' lang='lat' dir='ltr'>undique</span> <span class='ocrx_word' id='word_1_309' title='bbox 2238 2167 2399 2214; x_wconf 71' lang='lat' dir='ltr'>molles</span> 
     </span>
     <span class='ocr_line' id='line_1_32' title="bbox 337 2228 2400 2296; baseline -0.002 -15"><span class='ocrx_word' id='word_1_310' title='bbox 337 2232 453 2282; x_wconf 77' lang='lat' dir='ltr'>effe:</span> <span class='ocrx_word' id='word_1_311' title='bbox 501 2252 596 2281; x_wconf 89' lang='lat' dir='ltr'>non</span> <span class='ocrx_word' id='word_1_312' title='bbox 628 2233 745 2296; x_wconf 78' lang='lat' dir='ltr'>poffe</span> <span class='ocrx_word' id='word_1_313' title='bbox 775 2250 851 2296; x_wconf 87' lang='lat' dir='ltr'>per</span> <span class='ocrx_word' id='word_1_314' title='bbox 879 2250 1039 2281; x_wconf 89' lang='lat' dir='ltr'>eorum</span> <span class='ocrx_word' id='word_1_315' title='bbox 1071 2233 1251 2280; x_wconf 86' lang='lat' dir='ltr'>tunicas</span> <span class='ocrx_word' id='word_1_316' title='bbox 1285 2244 1465 2279; x_wconf 89' lang='lat' dir='ltr'>motum</span> <span class='ocrx_word' id='word_1_317' title='bbox 1494 2244 1730 2292; x_wconf 84' lang='lat' dir='ltr'>acceptum</span> <span class='ocrx_word' id='word_1_318' title='bbox 1767 2231 2123 2284; x_wconf 82' lang='lat' dir='ltr'>communicari,</span> <span class='ocrx_word' id='word_1_319' title='bbox 2171 2247 2197 2277; x_wconf 87' lang='lat' dir='ltr'>a</span> <span class='ocrx_word' id='word_1_320' title='bbox 2234 2228 2400 2292; x_wconf 78' lang='lat' dir='ltr'>spiriti-</span> 
     </span>
    </p>
   </div>
   <div class='ocr_carea' id='block_1_9' title="bbox 335 2296 775 2360">
    <p class='ocr_par' dir='ltr' id='par_1_9' title="bbox 335 2296 775 2360">
     <span class='ocr_line' id='line_1_33' title="bbox 335 2296 775 2360; baseline -0.002 -14"><span class='ocrx_word' id='word_1_321' title='bbox 335 2299 424 2346; x_wconf 84' lang='lat' dir='ltr'>bus</span> <span class='ocrx_word' id='word_1_322' title='bbox 447 2298 647 2360; x_wconf 83' lang='lat' dir='ltr'>adeoque</span> <span class='ocrx_word' id='word_1_323' title='bbox 679 2296 775 2346; x_wconf 81' lang='lat' dir='ltr'>effe.</span> 
     </span>
    </p>
   </div>
   <div class='ocr_carea' id='block_1_10' title="bbox 335 2374 2399 2556">
    <p class='ocr_par' dir='ltr' id='par_1_10' title="bbox 335 2374 2399 2556">
     <span class='ocr_line' id='line_1_34' title="bbox 464 2374 2399 2441; baseline -0.002 -14"><span class='ocrx_word' id='word_1_324' title='bbox 464 2381 572 2427; x_wconf 86' lang='lat' dir='ltr'>Una</span> <span class='ocrx_word' id='word_1_325' title='bbox 598 2380 867 2441; x_wconf 89' lang='lat' dir='ltr'>prodierunt</span> <span class='ocrx_word' id='word_1_326' title='bbox 909 2379 960 2426; x_wconf 85' lang='lat' dir='ltr'>de</span> <span class='ocrx_word' id='word_1_327' title='bbox 986 2379 1109 2426; x_wconf 76' lang='lat' dir='ltr'>acido</span> <span class='ocrx_word' id='word_1_328' title='bbox 1135 2377 1355 2440; x_wconf 74' lang='lat' dir='ltr'>sanguinis</span> <span class='ocrx_word' id='word_1_329' title='bbox 1398 2376 1597 2424; x_wconf 83' lang='lat' dir='ltr'>elemento</span> <span class='ocrx_word' id='word_1_330' title='bbox 1627 2375 1796 2438; x_wconf 61' lang='lat' dir='ltr'>epistola</span> <span class='ocrx_word' id='word_1_331' title='bbox 1829 2376 2102 2438; x_wconf 68' lang='lat' dir='ltr'>responsoriae</span> <span class='ocrx_word' id='word_1_332' title='bbox 2138 2374 2399 2430; x_wconf 74' lang='lat' dir='ltr'>medicorum</span> 
     </span>
     <span class='ocr_line' id='line_1_35' title="bbox 335 2439 2398 2556; baseline -0.002 -64"><span class='ocrx_word' id='word_1_333' title='bbox 335 2443 632 2556; x_wconf 47' lang='lat' dir='ltr'>{aristensiuss</span> <span class='ocrx_word' id='word_1_334' title='bbox 652 2478 665 2497; x_wconf 87' lang='lat'>,</span> <span class='ocrx_word' id='word_1_335' title='bbox 703 2447 1022 2554; x_wconf 47' lang='lat' dir='ltr'>ffomanorum,</span> <span class='ocrx_word' id='word_1_336' title='bbox 1059 2443 1318 2501; x_wconf 78' lang='lat' dir='ltr'>Senenfiwn,</span> <span class='ocrx_word' id='word_1_337' title='bbox 1355 2440 1645 2503; x_wconf 84' lang='lat' dir='ltr'>Lipfienfium‚</span> <span class='ocrx_word' id='word_1_338' title='bbox 1684 2439 2040 2518; x_wconf 50' lang='lat' dir='ltr'>dizcnmstwt,</span> <span class='ocrx_word' id='word_1_339' title='bbox 2073 2457 2266 2502; x_wconf 83' lang='lat' dir='ltr'>quarum</span> <span class='ocrx_word' id='word_1_340' title='bbox 2285 2441 2398 2502; x_wconf 78' lang='lat' dir='ltr'>Epp.</span> 
     </span>
     <span class='ocr_line' id='line_1_36' title="bbox 384 2520 894 2555; baseline -0.002 0"><span class='ocrx_word' id='word_1_341' title='bbox 384 2524 550 2555; x_wconf 85' lang='lat' dir='ltr'>ornana</span> <span class='ocrx_word' id='word_1_342' title='bbox 578 2525 601 2553; x_wconf 90' lang='lat' dir='ltr'>a</span> <span class='ocrx_word' id='word_1_343' title='bbox 620 2523 683 2554; x_wconf 76' lang='lat' dir='ltr'>ias</span> <span class='ocrx_word' id='word_1_344' title='bbox 739 2520 894 2554; x_wconf 71' lang='lat' dir='ltr'>icetur.</span> 
     </span>
    </p>
   </div>
   <div class='ocr_carea' id='block_1_11' title="bbox 336 2583 2398 2956">
    <p class='ocr_par' dir='ltr' id='par_1_11' title="bbox 336 2583 2398 2956">
     <span class='ocr_line' id='line_1_37' title="bbox 467 2583 2393 2651; baseline -0.002 -16"><span class='ocrx_word' id='word_1_345' title='bbox 467 2589 592 2651; x_wconf 82' lang='lat' dir='ltr'>EJUS</span> <span class='ocrx_word' id='word_1_346' title='bbox 623 2589 654 2633; x_wconf 93' lang='lat' dir='ltr'>l.</span> <span class='ocrx_word' id='word_1_347' title='bbox 679 2587 731 2633; x_wconf 83' lang='lat' dir='ltr'>de</span> <span class='ocrx_word' id='word_1_348' title='bbox 758 2588 800 2634; x_wconf 72' lang='lat' dir='ltr'>lu</span> <span class='ocrx_word' id='word_1_349' title='bbox 816 2600 972 2635; x_wconf 81' lang='lat' dir='ltr'>nature</span> <span class='ocrx_word' id='word_1_350' title='bbox 991 2587 1050 2635; x_wconf 86' lang='lat' dir='ltr'>du</span> <span class='ocrx_word' id='word_1_351' title='bbox 1068 2589 1210 2635; x_wconf 75' lang='lat' dir='ltr'>levain</span> <span class='ocrx_word' id='word_1_352' title='bbox 1233 2587 1284 2634; x_wconf 84' lang='lat' dir='ltr'>de</span> <span class='ocrx_word' id='word_1_353' title='bbox 1301 2587 1504 2648; x_wconf 75' lang='lat' dir='ltr'>l’estomac</span> <span class='ocrx_word' id='word_1_354' title='bbox 1521 2583 2052 2634; x_wconf 79' lang='lat' dir='ltr'>inDiarioTrivultienfi</span> <span class='ocrx_word' id='word_1_355' title='bbox 2082 2598 2215 2645; x_wconf 89' lang='lat'>1710.</span> <span class='ocrx_word' id='word_1_356' title='bbox 2229 2585 2393 2648; x_wconf 82' lang='lat' dir='ltr'>Janv.‚</span> 
     </span>
     <span class='ocr_line' id='line_1_38' title="bbox 336 2648 2395 2711; baseline -0.003 -10"><span class='ocrx_word' id='word_1_357' title='bbox 336 2653 389 2702; x_wconf 88' lang='lat' dir='ltr'>in</span> <span class='ocrx_word' id='word_1_358' title='bbox 409 2657 569 2709; x_wconf 83' lang='lat' dir='ltr'>Journ.</span> <span class='ocrx_word' id='word_1_359' title='bbox 594 2650 667 2698; x_wconf 79' lang='lat' dir='ltr'>des</span> <span class='ocrx_word' id='word_1_360' title='bbox 688 2655 790 2699; x_wconf 79' lang='lat' dir='ltr'>Sav.</span> <span class='ocrx_word' id='word_1_361' title='bbox 818 2653 961 2711; x_wconf 81' lang='lat' dir='ltr'>ejusd.</span> <span class='ocrx_word' id='word_1_362' title='bbox 989 2653 1099 2699; x_wconf 86' lang='lat' dir='ltr'>anni</span> <span class='ocrx_word' id='word_1_363' title='bbox 1125 2652 1321 2699; x_wconf 59' lang='lat' dir='ltr'>ostobri</span> <span class='ocrx_word' id='word_1_364' title='bbox 1343 2652 1411 2699; x_wconf 89' lang='grc' dir='ltr'>Μ.</span> <span class='ocrx_word' id='word_1_365' title='bbox 1451 2652 1493 2698; x_wconf 89' lang='lat'>&amp;</span> <span class='ocrx_word' id='word_1_366' title='bbox 1533 2667 1636 2697; x_wconf 86' lang='lat' dir='ltr'>cum</span> <span class='ocrx_word' id='word_1_367' title='bbox 1659 2651 1937 2705; x_wconf 64' lang='lat' dir='ltr'><strong>HECQUETI</strong></span> <span class='ocrx_word' id='word_1_368' title='bbox 1962 2648 2395 2710; x_wconf 88' lang='lat' dir='ltr'>Disputationibus,</span> 
     </span>
     <span class='ocr_line' id='line_1_39' title="bbox 339 2712 2398 2779; baseline -0.003 -15"><span class='ocrx_word' id='word_1_369' title='bbox 339 2720 383 2768; x_wconf 84' lang='lat'>&amp;</span> <span class='ocrx_word' id='word_1_370' title='bbox 408 2716 603 2779; x_wconf 90' lang='lat' dir='ltr'>repetito</span> <span class='ocrx_word' id='word_1_371' title='bbox 629 2715 680 2762; x_wconf 85' lang='lat' dir='ltr'>in</span> <span class='ocrx_word' id='word_1_372' title='bbox 699 2715 940 2769; x_wconf 73' lang='lat' dir='ltr'>PLANQUE</span> <span class='ocrx_word' id='word_1_373' title='bbox 973 2716 1082 2764; x_wconf 87' lang='lat' dir='ltr'>Bibl.</span> <span class='ocrx_word' id='word_1_374' title='bbox 1100 2717 1181 2763; x_wconf 91' lang='lat' dir='ltr'>III.</span> <span class='ocrx_word' id='word_1_375' title='bbox 1212 2733 1255 2777; x_wconf 91' lang='lat' dir='ltr'>p.</span> <span class='ocrx_word' id='word_1_376' title='bbox 1281 2721 1390 2774; x_wconf 82' lang='lat'>674.</span> <span class='ocrx_word' id='word_1_377' title='bbox 1475 2715 1648 2765; x_wconf 86' lang='lat' dir='ltr'>Annon</span> <span class='ocrx_word' id='word_1_378' title='bbox 1670 2715 1790 2761; x_wconf 88' lang='lat' dir='ltr'>idem</span> <span class='ocrx_word' id='word_1_379' title='bbox 1822 2714 2026 2766; x_wconf 89' lang='lat' dir='ltr'>libellus,</span> <span class='ocrx_word' id='word_1_380' title='bbox 2062 2715 2142 2773; x_wconf 89' lang='lat' dir='ltr'>qui</span> <span class='ocrx_word' id='word_1_381' title='bbox 2162 2713 2212 2759; x_wconf 87' lang='lat' dir='ltr'>in</span> <span class='ocrx_word' id='word_1_382' title='bbox 2240 2723 2300 2758; x_wconf 88' lang='lat' dir='ltr'>tr.</span> <span class='ocrx_word' id='word_1_383' title='bbox 2327 2712 2398 2758; x_wconf 78' lang='lat' dir='ltr'>des</span> 
     </span>
     <span class='ocr_line' id='line_1_40' title="bbox 336 2776 2396 2842; baseline -0.002 -16"><span class='ocrx_word' id='word_1_384' title='bbox 336 2781 528 2842; x_wconf 64' lang='lat' dir='ltr'>liquam</span> <span class='ocrx_word' id='word_1_385' title='bbox 553 2781 719 2827; x_wconf 86' lang='lat' dir='ltr'>citatur</span> <span class='ocrx_word' id='word_1_386' title='bbox 740 2795 781 2839; x_wconf 91' lang='lat' dir='ltr'>p.</span> <span class='ocrx_word' id='word_1_387' title='bbox 800 2789 909 2837; x_wconf 83' lang='lat'>255.</span> <span class='ocrx_word' id='word_1_388' title='bbox 976 2781 1229 2840; x_wconf 82' lang='lat' dir='ltr'>Argentum</span> <span class='ocrx_word' id='word_1_389' title='bbox 1258 2781 1418 2826; x_wconf 74' lang='lat' dir='ltr'>vivum</span> <span class='ocrx_word' id='word_1_390' title='bbox 1444 2794 1500 2825; x_wconf 76' lang='lat' dir='ltr'>ex</span> <span class='ocrx_word' id='word_1_391' title='bbox 1521 2778 1696 2825; x_wconf 86' lang='lat' dir='ltr'>arteriis</span> <span class='ocrx_word' id='word_1_392' title='bbox 1720 2777 1964 2825; x_wconf 85' lang='lat' dir='ltr'>ventriculi</span> <span class='ocrx_word' id='word_1_393' title='bbox 1996 2777 2046 2821; x_wconf 91' lang='lat' dir='ltr'>in</span> <span class='ocrx_word' id='word_1_394' title='bbox 2082 2776 2178 2835; x_wconf 89' lang='lat' dir='ltr'>ejus</span> <span class='ocrx_word' id='word_1_395' title='bbox 2212 2791 2396 2822; x_wconf 80' lang='lat' dir='ltr'>caveam</span> 
     </span>
     <span class='ocr_line' id='line_1_41' title="bbox 336 2838 2395 2905; baseline -0.003 -13"><span class='ocrx_word' id='word_1_396' title='bbox 336 2857 589 2905; x_wconf 86' lang='lat' dir='ltr'>penetrare.</span> <span class='ocrx_word' id='word_1_397' title='bbox 656 2841 840 2890; x_wconf 86' lang='lat' dir='ltr'>Fabrica</span> <span class='ocrx_word' id='word_1_398' title='bbox 862 2843 1108 2890; x_wconf 87' lang='lat' dir='ltr'>ventriculi</span> <span class='ocrx_word' id='word_1_399' title='bbox 1134 2842 1256 2890; x_wconf 83' lang='lat' dir='ltr'>suilli</span> <span class='ocrx_word' id='word_1_400' title='bbox 1286 2846 1327 2890; x_wconf 66' lang='grc' dir='ltr'>ἃ</span> <span class='ocrx_word' id='word_1_401' title='bbox 1354 2841 1557 2889; x_wconf 84' lang='lat' dir='ltr'>humani.</span> <span class='ocrx_word' id='word_1_402' title='bbox 1627 2843 1792 2888; x_wconf 86' lang='lat' dir='ltr'>Nullas</span> <span class='ocrx_word' id='word_1_403' title='bbox 1823 2841 1874 2887; x_wconf 83' lang='lat' dir='ltr'>in</span> <span class='ocrx_word' id='word_1_404' title='bbox 1906 2838 2163 2889; x_wconf 64' lang='lat' dir='ltr'>ventriculo</span> <span class='ocrx_word' id='word_1_405' title='bbox 2205 2840 2395 2900; x_wconf 86' lang='lat' dir='ltr'>glandu-</span> 
     </span>
     <span class='ocr_line' id='line_1_42' title="bbox 337 2900 2397 2956; baseline -0.001 -2"><span class='ocrx_word' id='word_1_406' title='bbox 337 2911 403 2954; x_wconf 83' lang='lat' dir='ltr'>las</span> <span class='ocrx_word' id='word_1_407' title='bbox 429 2906 524 2954; x_wconf 84' lang='lat' dir='ltr'>effe.</span> <span class='ocrx_word' id='word_1_408' title='bbox 592 2907 769 2954; x_wconf 84' lang='lat' dir='ltr'>Contra</span> <span class='ocrx_word' id='word_1_409' title='bbox 799 2906 895 2953; x_wconf 84' lang='lat' dir='ltr'>vim</span> <span class='ocrx_word' id='word_1_410' title='bbox 920 2907 1069 2952; x_wconf 81' lang='lat' dir='ltr'>tritus.</span> <span class='ocrx_word' id='word_1_411' title='bbox 1138 2907 1392 2953; x_wconf 86' lang='lat' dir='ltr'>Humorem</span> <span class='ocrx_word' id='word_1_412' title='bbox 1425 2905 1670 2953; x_wconf 75' lang='lat' dir='ltr'>ventriculi</span> <span class='ocrx_word' id='word_1_413' title='bbox 1695 2903 1777 2951; x_wconf 83' lang='lat' dir='ltr'>effe</span> <span class='ocrx_word' id='word_1_414' title='bbox 1813 2903 2069 2956; x_wconf 83' lang='lat' dir='ltr'>alcalinum.</span> <span class='ocrx_word' id='word_1_415' title='bbox 2137 2900 2397 2950; x_wconf 74' lang='lat' dir='ltr'>Ventricuk’</span> 
     </span>
    </p>
   </div>
   <div class='ocr_carea' id='block_1_12' title="bbox 336 2965 2398 3077">
    <p class='ocr_par' dir='ltr' id='par_1_12' title="bbox 336 2965 2398 3077">
     <span class='ocr_line' id='line_1_43' title="bbox 336 2965 2398 3077; baseline -0.003 -58"><span class='ocrx_word' id='word_1_416' title='bbox 336 2971 687 3019; x_wconf 67' lang='lat' dir='ltr'>ruminantium.</span> <span class='ocrx_word' id='word_1_417' title='bbox 755 2967 1063 3032; x_wconf 84' lang='lat' dir='ltr'>Diaphragma</span> <span class='ocrx_word' id='word_1_418' title='bbox 1088 2972 1395 3017; x_wconf 83' lang='lat' dir='ltr'>ventriculum</span> <span class='ocrx_word' id='word_1_419' title='bbox 1430 2969 1651 3018; x_wconf 87' lang='lat' dir='ltr'>claudere.</span> <span class='ocrx_word' id='word_1_420' title='bbox 1717 2967 1988 3014; x_wconf 62' lang='lat' dir='ltr'>Coelionem</span> <span class='ocrx_word' id='word_1_421' title='bbox 2024 2966 2232 3014; x_wconf 84' lang='lat' dir='ltr'>ciborum</span> <span class='ocrx_word' id='word_1_422' title='bbox 2261 2965 2398 3077; x_wconf 49' lang='lat' dir='ltr'>qdis-</span> 
     </span>
     <span class='ocr_line' id='line_1_44' title="bbox 2295 3046 2395 3077; baseline 0 0"><span class='ocrx_word' id='word_1_423' title='bbox 2295 3047 2321 3077; x_wconf 86' lang='lat' dir='ltr'>o</span> <span class='ocrx_word' id='word_1_424' title='bbox 2342 3046 2395 3077; x_wconf 82' lang='lat' dir='ltr'>u—</span> 
     </span>
    </p>
   </div>
  </div>
 </body>
</html>
