2556 3442
832 128 880 187 §-
920 143 992 190 59.
1031 129 1076 177 c
1108 89 1291 178 Α’ᾜΕ
1320 131 1370 180 Ν
1396 133 1442 180 U
1474 133 1517 182 s.
2144 108 2221 213 8⁴7³

155 260 357 309 vomitus
377 278 387 307 :
409 259 440 308 si
458 258 644 321 fimplex
659 260 819 308 ductus
833 257 909 310 est,
931 268 1042 304 tunc
1055 256 1203 305 omnis
1216 258 1320 306 bilis
1332 275 1411 319 per
1425 254 1632 320 jejtirium
1650 262 1889 327 descendit,
1906 286 1958 321 ut
1971 275 2021 322 in
2039 253 2223 330 Eunai:-

159 339 254 373 ΜΟ.
324 325 449 372 Citat
477 324 568 389 ipse
595 325 828 371 GALENUS
857 320 945 367 hoc
959 336 1073 381 opus
1095 323 1146 368 in
1159 320 1240 368 suo
1258 324 1409 370 ordine
1431 324 1702 386 legendorum
1724 328 1943 389 librorum,
1966 341 2008 386 &
2030 342 2079 388 in
2093 356 2202 400 αγις,

284 423 402 470 M.S.
434 420 577 467 codex
602 418 743 466 exstat
773 418 938 464 latinus
967 433 1012 464 n.
1039 429 1178 477 7o15.
1210 421 1323 488 &in
1349 421 1632 480 Mertoniensi
1658 426 1793 486 Oxogt.
1822 442 1867 472 n.
1895 435 2000 490 685.
2033 439 2074 483 &
2095 456 2204 500 grae.

159 501 240 533 cus
267 487 317 531 in
343 488 388 532 B.
415 487 469 531 R.
489 481 628 541 Paris]
659 485 703 528 η’.
731 486 868 539 2267.
907 484 949 528 &
971 482 1190 529 Arabicus
1219 499 1322 529 cum
1356 487 1480 546 Greg.
1510 487 1906 537 ABULPHARAGH
1936 510 2205 550 commenta-

156 551 236 606 rii}
267 565 311 594 n.
341 559 474 604 1097.
543 544 699 592 Exstat
739 546 876 592 etiam
909 546 959 591 in
994 546 1042 591 Β.
1071 547 1315 594 MEDICEA
1364 549 1406 594 &
1435 550 1487 596 in
1518 550 1818 611 Vindobonffltfi
1843 554 1877 600 Ι.
1916 571 1960 615 p.
1995 565 2094 612 181.
2132 564 2204 613 hic

157 612 375 660 hebraice.

282 704 454 754 Prodiit
484 702 663 750 seorfim
689 705 743 751 T.
774 706 1011 752 LINACRO
1040 705 1284 766 interprete
1304 707 1607 768 Cantabrigiae
1637 702 1773 768 1521.
1800 713 1864 771 4⁰.
1884 715 2038 763 Annas.
2075 718 2206 769 Paris„

162 781 296 830 1523.
330 768 409 815 fol.
446 768 657 828 Lugdun.
693 774 828 827 1588.
867 773 927 822 8⁰.
965 771 1081 816 OSB.
1122 772 1163 816 &
1193 770 1318 829 prius
1345 771 1553 819 Venetiis
1578 781 1712 833 1498.
1756 777 1818 830 8⁰.

277 866 333 912 In
360 881 436 912 eos
465 864 519 911 de
545 870 888 927 temperamentis
910 865 1048 913 libros
1074 864 1269 913 habetur
1299 867 1467 929 Gaspar
1497 870 1670 918 LOPEZ
1704 872 1941 924 CANARIO
1970 877 2202 938 Complut.

158 934 292 988 1565.
310 927 387 976 fol.
418 930 768 975 commentarius
790 931 907 976 CAP.
931 929 985 974 de
1006 930 1119 975 V1L.
1148 948 1159 975 z
1189 932 1229 976 &
1248 932 1392 978 Felicis
1405 933 1758 984 AEORAMBONI
1775 970 1787 988 ,
1824 950 1924 984 tum
1947 941 2103 994 jacobi
2132 945 2210 990 SE-

156 1006 334 1041 GARTA
371 993 554 1039 Valent.
581 998 715 1050 1596.
754 999 888 1049 1598.
925 991 1004 1038 fol.
1043 993 1154 1039 Bibl.
1185 994 1342 1041 Boni.
1409 996 1458 1041 F.
1486 997 1729 1045 VALLESH
1768 1000 1931 1049 Vener.
1968 1018 2103 1062 1591.
2142 1011 2206 1059 8⁰.

154 1057 318 1103 Colon.
356 1069 490 1114 1594.
527 1055 605 1102 fol.
642 1059 684 1103 8<
709 1055 913 1103 Perioehae
950 1057 1001 1102 C.
1037 1058 1264 1103 GESNERI
1322 1059 1513 1119 Sangall.
1551 1067 1683 1119 1584.
1720 1063 1781 1115 8⁰.
1851 1066 1992 1112 Porro
2027 1069 2206 1117 Comm.

151 1120 268 1168 M.S.
297 1118 395 1175 Joh.
420 1122 649 1167 Roonon
679 1121 725 1165 B.
752 1121 806 1166 R.
838 1121 884 1165 P.
912 1136 957 1165 n.
982 1132 1121 1177 7025.
1162 1122 1309 1167 LIND.
1378 1122 1570 1168 Arabice
1591 1126 1730 1171 vertit
1753 1128 1994 1183 HONMN,
2030 1148 2134 1178 cum
2155 1134 2211 1180 ti-

154 1185 252 1230 tulo
281 1186 355 1240 As}
379 1182 551 1242 haffn,
600 1184 680 1244 qui
710 1183 852 1230 codex
886 1183 1028 1230 exstat
1060 1185 1110 1229 in
1139 1184 1251 1230 Bibl.
1281 1185 1560 1246 Escurialenfi
1591 1203 1637 1233 n.
1669 1195 1775 1248 874.
1808 1192 1984 1241 &liber
2005 1205 2050 1243 2.
2096 1197 2138 1242 &
2167 1208 2207 1254 3.

153 1263 200 1294 n.
231 1254 336 1306 845.
373 1249 416 1294 ὃς
448 1263 494 1293 n.
525 1254 630 1306 876.
668 1263 772 1293 cum
801 1247 926 1294 notis
953 1248 1188 1308 anonymi.

285 1344 341 1390 In
357 1343 525 1390 librum
543 1344 897 1390 HIPPOCRAsz
918 1343 968 1389 de
981 1342 1351 1400 naturahz‘tmana
1380 1349 1533 1394 Comm.
1558 1348 1595 1394 Ι.
1615 1380 1625 1382 <
1666 1349 1939 1411 Legitimum
1964 1353 2044 1401 effe
2065 1357 2207 1407 HIPP.

155 1425 270 1469 opus
296 1405 542 1454 firmiffime
570 1407 870 1460 demonstrat,
907 1405 1188 1467 potiffimum
1226 1425 1280 1454 ex
1308 1409 1571 1458 PLATONE.
1639 1413 2023 1465 HJPPOCRATEM
2055 1422 2095 1466 &
2119 1420 2207 1476 hie,

154 1474 197 1518 ἃ
228 1473 279 1530 in
307 1472 405 1518 aliis
436 1469 608 1530 scriptis
635 1482 833 1530 quatuor
855 1469 1070 1517 humores
1106 1471 1265 1518 docere
1297 1472 1504 1521 ostendit.
1574 1476 1798 1523 Caeterum
1841 1482 1893 1526 in
1923 1484 2208 1541 generalibus

149 1534 373 1587 versatur,
419 1546 472 1581 ut
508 1537 691 1588 vincat,
745 1534 980 1581 hominem
1019 1551 1117 1581 non
1159 1534 1239 1582 effe
1280 1553 1443 1584 unum.
1511 1539 1634 1586 Citat
1671 1540 1837 1588 librum
1867 1542 2001 1591 suum
2040 1547 2093 1593 de
2117 1549 2208 1595 Ele-

148 1603 297 1645 mentis
326 1599 582 1650 HIPPOCR.
1932 1621 1938 1627 s

281 1694 457 1742 Prodiit
471 1710 575 1741 cum
591 1695 689 1742 aliis
709 1696 906 1743 GALENI
922 1695 1048 1743 fibris
1058 1695 1182 1743 Paris
1203 1708 1337 1756 1534.
1355 1695 1434 1744 fol.
1454 1715 1616 1760 nempe
1629 1702 1657 1748 l.
1675 1702 1728 1748 de
1740 1714 1843 1750 atra
1855 1703 1950 1758 bile,
1967 1704 2076 1753 bona
2089 1706 2210 1755 hahi-

151 1753 326 1813 tudine,
369 1757 427 1814 ἓξ
446 1758 660 1820 pulsibus,
698 1776 802 1806 cum
827 1759 948 1806 libris
966 1777 1075 1805 vero
1101 1759 1154 1805 de
1173 1762 1367 1821 inaequali
1391 1769 1615 1824 temperie,
1654 1768 1695 1813 ἃ
1719 1766 1772 1811 de
1778 1767 2063 1827 simultatibus
2082 1784 2208 1819 natu-

151 1822 316 1870 ralibus
347 1821 479 1870 Paris.
506 1834 640 1882 1540.
674 1821 754 1869 fol.
798 1825 840 1869 ἃ
879 1840 983 1870 cum
1015 1824 1138 1869 libris
1179 1824 1231 1870 de
1267 1826 1404 1871 viCt'zcs
1430 1831 1596 1873 ratione
1624 1830 1794 1888 fizluhri
1828 1848 1934 1877 cura
1966 1837 2209 1883 Hermanni

153 1884 398 1934 CRUSERil
429 1887 564 1932 etiam
594 1885 727 1933 Paris.
755 1898 890 1945 1534.
932 1891 1023 1933 12⁰.
1061 1889 1262 1934 MAlTT.
1335 1889 1464 1936 Solus
1489 1905 1695 1938 vertente
1718 1894 1760 1954 J.
1792 1895 2071 1944 GUINTHER
2103 1916 2203 1946 cum

150 1947 332 1997 scholiis
358 1951 400 2012 J.
425 1951 600 1997 SYLvn
635 1952 768 2010 Lyon
795 1962 930 2009 1549.
973 1952 1098 1996 16⁶.ss
1133 1963 1266 2008 1553.
1309 1957 1400 1998 16⁰.
1470 1954 1818 2004 Commentatus
1845 1958 1905 2004 est
1932 1960 2067 2006 etiam
2085 1963 2128 2024 J.
2153 1964 2200 2010 Β.

70 2022 72 2024 ’
148 2013 463 2062 MONTANUS.
532 2014 691 2061 Codex
717 2030 888 2075 graecus
915 2014 976 2060 est
1000 2015 1050 2060 in
1072 2015 1119 2061 B.
1148 2017 1207 2061 D.
1236 2016 1431 2062 MARCI.

279 2111 644 2158 Commentarius
672 2109 896 2158 secundus
924 2111 1109 2158 Nicolao
1133 2112 1447 2160 MACCHELIO
1482 2113 1723 2175 interprete
1748 2116 1915 2166 refutat
1940 2120 2204 2182 imaginaria

155 2183 353 2233 quatuor
381 2191 601 2222 venarum
631 2175 753 2236 paria
772 2209 785 2228 ‚
823 2177 865 2221 &
897 2177 1121 2222 veriorem
1148 2173 1416 2223 sententiam
1448 2178 1806 2230 HIPPOCRATIS
1841 2183 1972 2231 docet
2005 2186 2205 2233 inveniri

153 2237 204 2282 in
231 2237 328 2283 Lib.
349 2238 407 2284 II.
436 2236 789 2300 Epideniicorum.

283 2333 517 2443 GileENIUs
547 2334 662 2383 duos
685 2336 735 2382 in
765 2337 1155 2384 HIPPOCRATEM
1186 2336 1238 2384 de
1271 2349 1435 2385 natura
1461 2336 1648 2387 humana
1687 2340 1828 2390 libros
1859 2340 2114 2405 scripserat,
2152 2345 2203 2393 de

144 2407 296 2458 propr.
346 2402 360 2443 i
389 2414 426 2443 r.
479 2433 490 2444 .
523 2414 560 2444 c.
588 2405 631 2445 6.

277 2493 353 2553 EJ.
391 2492 445 2540 de
474 2504 573 2539 atra
594 2493 675 2540 bile
700 2495 787 2541 alia
813 2512 867 2543 ex
890 2494 1111 2557 sanguine
1138 2495 1298 2550 affato,
1344 2499 1429 2545 alia
1466 2498 1679 2547 deteriori
1709 2517 1765 2548 cx
1795 2502 1884 2550 bile
1910 2503 2024 2552 flava
2053 2502 2196 2551 assata.

151 2555 266 2605 Non
297 2555 604 2611 concrescere,
638 2558 838 2613 acidam,
879 2562 923 2606 &
951 2560 1155 2606 acerbam
1186 2559 1294 2614 esse,
1343 2578 1448 2608 cum
1473 2576 1590 2610 terra
1615 2562 1813 2620 fervere,
1859 2585 1996 2628 quam
2027 2580 2194 2628 partem

153 2620 354 2679 corporis
377 2621 572 2680 tetigerit
593 2637 690 2668 eam
713 2622 925 2676 exedere,
962 2634 1155 2670 mortem
1185 2623 1352 2671 inferre
1380 2624 1414 2671 fi
1443 2626 1652 2673 deorsum
1679 2630 1900 2689 prodierit
1917 2666 1930 2685 ,
1972 2633 2020 2678 in
2049 2648 2101 2677 eo
2132 2631 2196 2676 di-

152 2681 327 2728 versam
361 2684 416 2730 ab
446 2685 542 2731 aliis
574 2686 714 2746 nigris
747 2685 924 2733 inferne
953 2686 1290 2735 decedentibus.
1372 2691 1518 2751 Nigra
1549 2689 1786 2740 salubriter
1831 2711 1933 2741 cum
1963 2695 2095 2742 urina
2126 2694 2197 2739 de-

152 2743 289 2799 fluere
306 2749 370 2802 ‚iis
385 2780 398 2800 ‚
434 2748 599 2808 quibus
620 2747 793 2796 menses
813 2750 1088 2798 restiterunt.

213 2836 219 2842 “
278 2841 453 2889 Prodiit
482 2842 614 2890 Paris.
637 2856 770 2903 1530.
809 2846 872 2900 8⁶.
910 2849 952 2894 &
974 2846 1145 2894 ibidem
1170 2864 1274 2894 cum
1298 2849 1396 2895 aliis
1426 2862 1479 2908 15
1489 2861 1560 2909 34.
1594 2849 1672 2898 fol.
1707 2852 1831 2899 Bafil.
1856 2864 1987 2911 1529.
2008 2825 2071 2909 44.
2098 2864 2195 2896 ver-

150 2912 279 2950 tente
302 2906 616 2955 GUINTHERO
647 2912 690 2955 ἃ
717 2926 858 2969 graece
886 2917 1022 2969 1546.
1054 2909 1133 2958 fol.
1201 2913 1354 2958 Vertit
1393 2916 1525 2960 etiam
1565 2916 1713 2969 Julius
1746 2918 2070 2962 MARTIANUS.
2138 2913 2194 2957 In

154 2967 318 3015 euml.
346 2969 620 3031 paraphrasis
652 2972 844 3021 habetur
881 2974 1085 3038 Prosperi
1125 2977 1393 3024 ALCACAM
1437 2978 1736 3040 Lugd.1533.
1776 2984 1838 3033 8⁰.
1906 2980 2194 3085 Commenttlag
