2556 3442
556 164 559 167 ·
623 159 782 220 §.483
820 157 1021 220 -4-485,
1088 159 1130 222 J.
1175 155 1768 213 SWAMMERDAM.
2145 173 2232 226 541
2294 215 2300 219 ,

178 284 419 335 Circulum
445 285 629 348 quidem
653 286 963 336 Cartefianum
991 285 1141 334 noster
1163 286 1369 334 admittit
1393 287 1435 333 &
1462 285 1831 340 fermentationes
1851 327 1865 347 ‚
1915 307 2012 341 non
2039 294 2175 342 ‘aliter
2208 312 2236 342 a

177 348 269 399 suis
299 353 652 413 praeceptoribus
685 353 862 399 doctus.
947 352 1268 411 Experimenta
1301 362 1454 396 tamen
1490 352 1664 398 addidit
1687 353 1787 409 sua,
1823 359 1991 417 quibus
2027 360 2233 406 dilatatio

175 418 370 477 pectoris
387 452 398 470 ‚
435 418 666 477 pulmonis
692 416 746 462 ab
770 412 951 460 admisso
975 422 1076 461 ae're
1101 427 1289 460 externo
1307 412 1584 474 subsidentia
1607 416 1823 472 docetur,
1862 423 1903 467 ἃ
1928 429 2074 468 aerem
2097 440 2150 470 eo
2172 422 2237 470 se-

177 481 350 535 cedere,
381 482 464 528 ubi
487 481 638 527 minus
658 477 887 531 resistitur,
924 494 1001 538 per
1025 480 1171 525 varias
1192 476 1422 525 machinas
1449 478 1761 526 confirmatur.
1828 485 1898 529 De
1925 485 2235 534 musculorum

179 544 496 607 antagonismo
530 547 572 590 &
604 554 817 603 perpetua
845 543 1158 588 contractione
1186 558 1376 596 eorum,
1424 543 1593 604 quibus
1628 544 1748 590 nulli
1780 542 1886 592 sunt
1921 551 2232 610 antagonistae.

177 612 363 658 Humor
388 610 438 656 in
465 609 642 668 pectore
669 604 790 652 fetus
810 639 824 659 ,
859 606 940 666 qui
964 622 1061 652 non
1080 604 1331 667 respiravit.
1424 608 1573 654 Etiam
1595 607 1991 669 vespertilionibus
2018 621 2164 660 a‘e'rem
2185 616 2235 662 iu

179 678 360 738 pectore
397 670 506 723 effe,
558 672 648 725 (ut
685 669 912 724 avibus),
957 682 1008 717 ut
1032 672 1223 718 omnino
1254 672 1291 718 is
1319 673 1558 732 pectoralis
1584 680 1658 719 aer
1691 672 1746 719 ad
1775 675 1984 720 volatum
2011 679 2234 735 pertinere

178 739 402 787 videatur.
470 730 679 780 Veficula
716 731 848 780 fellea
887 734 1126 782 reticulata
1157 737 1199 782 &
1232 734 1513 797 glandulosa.
1583 737 1759 784 Contra
1800 736 1936 785 fibras
1978 740 2019 785 &
2057 743 2237 789 cellulas

177 803 324 850 lienis.
390 798 609 844 Valvulas
634 795 846 844 vasorum
872 797 1147 859 aquosorurn
1171 799 1459 861 lymphaeque
1485 814 1663 848 motum
1693 801 2054 855 demonstravit3
2102 805 2240 851 tubu-

179 860 248 914 los
276 863 462 910 subtiles
486 861 546 908 ad
571 861 774 909 inflanda
799 879 850 909 ea
874 862 977 909 vasa
1008 863 1227 924 depinxit.
1298 866 1573 925 Sanguinem
1606 867 1655 912 in
1685 865 1797 913 vasis
1834 868 2037 913 minimis
2071 869 2239 915 lentius

177 930 315 977 fluere
342 938 485 987 putat.
555 926 724 972 Penern
749 929 1026 988 vulvamque
1044 928 1094 974 in
1119 927 1304 974 cochlea
1331 942 1602 990 motumque
1624 946 1847 977 venarum
1876 931 2007 985 dixit⁹
2039 934 2080 978 ὅ(
2108 934 2241 979 icone

175 990 397 1053 expreffit.
467 989 669 1051 Chylum
695 992 744 1037 in
775 1008 914 1038 venas
937 989 1251 1039 mesentericas
1274 990 1444 1040 sorberi
1471 994 1644 1042 docuit.
1736 994 2146 1057 Thermoscopium
2184 997 2241 1043 ad.

172 1059 370 1104 calorem
397 1054 603 1102 febrilem
630 1053 943 1102 definiendum
973 1054 1110 1103 suasit
1135 1055 1362 1104 adhibere.

300 1140 376 1201 EJ.
412 1137 683 1186 Miraculum
706 1149 873 1185 naturae
889 1137 967 1197 seu
989 1143 1105 1185 uteri
1126 1138 1339 1186 muliebris
1351 1138 1560 1202 fabrica,
1596 1142 1704 1190 notit
1730 1146 1774 1188 in
1799 1145 1847 1199 J.
1866 1162 1909 1190 v.
1926 1145 2116 1192 HORNE
2136 1157 2244 1207 pro-

173 1203 373 1252 dromum
404 1204 683 1265 illustratum,
719 1202 843 1250 Leid.
869 1208 1001 1261 1672.
1030 1201 1113 1262 4*
1151 1210 1284 1262 1679.
1304 1203 1386 1262 4.*
1430 1218 1565 1263 1717.
1591 1219 1637 1265 4.
1682 1220 1814 1265 1729.
1843 1221 1888 1267 4.
1920 1210 2083 1256 Gunz.
2116 1212 2160 1257 Sc
2193 1213 2243 1257 in

177 1269 285 1317 Bihl.
315 1270 605 1321 MANGET1‚
638 1279 739 1314 tum
771 1284 876 1314 cum
898 1267 939 1328 J.
973 1268 1270 1316 HOFMANNJ
1298 1265 1657 1331 dfflrtationibus
1685 1272 2242 1335 anatomico-pathologicis

173 1333 419 1393 Noriberg.
443 1339 578 1389 1685.
601 1330 682 1391 4.*
709 1334 750 1379 &
775 1331 977 1379 Londini
1002 1337 1136 1386 168o.
1161 1339 1202 1387 8.
1227 1335 1458 1381 HARLEY.
1526 1335 1686 1382 Icones
1714 1353 1738 1383 a
1758 1337 2019 1385 PALFYNIO
2042 1336 2149 1385 sunt
2176 1355 2244 1385 re-

174 1395 292 1445 cusae
323 1396 448 1443 Leid.
474 1402 609 1454 1708.
629 1393 709 1455 4*
756 1397 872 1442 Eum
881 1396 1166 1457 prodromum
1190 1397 1416 1451 diximus,
1457 1400 1499 1445 ἃ
1524 1400 1698 1447 labores
1724 1400 1829 1448 istos
1850 1400 1929 1447 fibi
1948 1404 2244 1450 SWAMMER-

174 1475 396 1511 DAMIUM
421 1460 636 1507 tribuiffe.
724 1458 844 1506 Vasa
867 1461 1107 1521 utriusque
1127 1462 1306 1523 generis
1340 1463 1545 1523 depinxit
1563 1498 1574 1516 ‚
1615 1481 1716 1524 quae
1748 1477 1933 1512 uterum
1959 1466 2154 1520 adeunt,
2201 1470 2244 1515 &

177 1543 266 1573 ova
292 1522 416 1586 quasi
443 1524 497 1570 de
530 1526 704 1572 arteriis
736 1525 946 1585 pendula.
1016 1526 1087 1572 Sic
1118 1528 1303 1586 plexum
1333 1529 1588 1589 vaginalem
1630 1528 1897 1576 arteriosum
1931 1532 1972 1577 Sc
2003 1530 2242 1579 venofum.

174 1591 443 1651 Ligamenta
466 1589 624 1636 teretia
645 1586 890 1635 vasculosa.
976 1590 1091 1637 Non
1116 1591 1233 1637 bene
1260 1604 1421 1651 negat,
1470 1594 1658 1639 ductum
1690 1592 1972 1641 deferentem
2000 1612 2103 1642 curn
2134 1595 2244 1643 veli-

173 1657 278 1703 cula
300 1652 506 1700 seminali
527 1654 865 1700 communicare
881 1671 894 1706 3
930 1666 984 1701 ut
1002 1656 1236 1715 proprium
1251 1654 1551 1703 veficularum
1569 1655 1721 1704 semen
1753 1657 1832 1705 effe
1855 1660 2015 1706 docere
2037 1674 2242 1722 cogatur.

174 1721 388 1768 Ducitum
423 1720 710 1766 HIGHMORI
752 1734 807 1764 ex
850 1719 1029 1766 arteriis
1066 1721 1107 1766 ἃ
1140 1720 1271 1766 venis
1314 1722 1542 1781 conponi,
1594 1724 1830 1785 multaque
1871 1725 1967 1784 ejus
2000 1738 2109 1772 cava
2146 1724 2243 1773 effe.

175 1785 310 1832 Penis
338 1783 612 1829 erectionem
642 1799 666 1829 a
689 1780 909 1843 sanguine
939 1781 1021 1829 effe
1039 1818 1051 1836 ,
1098 1801 1177 1844 per
1208 1786 1517 1845 experimenta
1555 1786 1728 1834 didicit.
1817 1789 1977 1835 Icones
2008 1789 2245 1850 bombycis

174 1850 583 1897 MALPIGHIANAS
614 1846 825 1908 castigat,
862 1864 963 1908 quae
981 1846 1070 1895 sint
1094 1865 1148 1894 ex
1173 1849 1359 1909 ingenio
1386 1850 1648 1904 delineatae,
1688 1852 1798 1900 &in
1827 1853 1990 1914 quibus
2013 1854 2246 1902 cerebrum

175 1913 293 1960 male
308 1913 560 1959 omittatur.
627 1911 810 1959 Tubam
837 1912 1048 1958 ovarium
1063 1914 1298 1974 amplecti,
1335 1931 1567 1976 ovumque
1593 1914 1784 1963 sorbere.
1852 1916 2049 1977 Chylum
2078 1919 2246 1966 aveni-s

175 1975 483 2024 mesentericis
509 1973 765 2023 resorberi:
804 1976 855 2022 in
881 1977 1032 2024 laisteis
1065 1976 1297 2038 lympham
1321 1977 1444 2026 ferri.
1514 1980 1814 2041 Injedtioncm
1844 1998 2068 2028 ceraceam
2095 1982 2244 2030 docet.

175 2038 472 2090 Rudiusculae
495 2052 711 2088 caeterum
736 2041 892 2088 icones
909 2075 921 2095 ,
954 2043 997 2088 &
1026 2042 1081 2088 ad
1103 2040 1234 2089 siccas
1257 2041 1451 2090 humani
1477 2045 1680 2105 corporis
1710 2058 1857 2106 partes
1888 2044 2030 2093 factae.

305 2124 441 2171 IDEM
462 2123 637 2185 Belgice
664 2123 809 2171 edidit
828 2124 1068 2186 algemeene
1085 2123 1399 2189 verlmndeling
1410 2144 1499 2173 van
1515 2127 1568 2172 de
1581 2127 1835 2185 bloodeloose
1851 2127 2029 2186 diertjes
2054 2129 2249 2191 Utrecht

151 2232 154 2237 ,
181 2193 319 2243 1669.
345 2185 429 2246 4*
445 2205 462 2233 τ,
498 2204 600 2247 quae
622 2188 778 2241 latine,
809 2200 1015 2236 vertente
1038 2193 1178 2236 Henr.
1204 2189 1437 2252 Chrzstiano
1456 2192 1744 2244 HENNINIO,
1778 2191 1950 2254 hgftoria
1983 2193 2044 2241 est
2066 2201 2247 2258 genera-

177 2253 227 2299 1121
253 2249 502 2310 insecfforum
537 2252 663 2298 Leid.
685 2259 820 2312 1685.
843 2264 889 2312 4.
919 2253 1037 2301 edita
1049 2254 1097 2308 *,
1132 2257 1268 2302 etiam
1294 2255 1467 2302 Gallice
1491 2255 1665 2303 excusa.

188 2389 191 2391 Α
311 2333 498 2382 Omitto
526 2332 674 2381 claffes
705 2332 1017 2382 insectorum:
1074 2335 1350 2397 nympham,
1400 2355 1501 2400 quae
1540 2337 1633 2400 ipsa
1670 2337 1722 2386 sit
1751 2340 2018 2389 involutum
2047 2342 2246 2390 animal:

179 2396 507 2460 chrysalidem‚
547 2399 597 2444 in
626 2415 716 2459 qua
749 2401 792 2446 &
820 2398 913 2460 ipsa
935 2397 1146 2447 futurum
1173 2402 1343 2449 animal
1374 2405 1695 2464 complicatum
1719 2406 1882 2459 lateat,
1920 2408 1962 2467 &
1985 2423 2040 2453 ex
2066 2423 2155 2468 qua
2175 2425 2250 2468 pa-

178 2465 401 2526 pilionem
427 2460 506 2509 sua
530 2479 671 2509 manu
696 2460 788 2523 ipse
817 2463 1038 2510 eduxerit.
1106 2465 1244 2514 IDEM
1264 2483 1318 2512 ex
1339 2483 1471 2514 eruca
1484 2466 1527 2514 se
1556 2465 1851 2528 chrysallidem
1876 2468 2092 2518 fabricare
2114 2471 2246 2533 poffe,

179 2540 263 2575 aut
293 2528 609 2575 evolutionem
632 2526 858 2574 retardare
888 2528 1138 2589 gloriaturt
1178 2530 1462 2578 dimidiatam
1489 2533 1622 2579 etiam
1651 2532 1946 2593 chrysalidem
1967 2533 2124 2582 facere.
2193 2537 2247 2581 In

179 2594 311 2640 omni
341 2604 506 2638 natura
528 2592 847 2638 evolutionem
875 2608 1046 2639 meram
1074 2591 1182 2646 effe,
1220 2611 1322 2655 quae
1347 2596 1516 2643 dicitur
1535 2598 1799 2658 generati03
1837 2616 1938 2659 quae
1965 2598 2139 2646 theoria
2159 2600 2246 2645 late

178 2672 206 2704 a
223 2656 378 2718 peritis
403 2656 642 2718 adoptata,
681 2658 1131 2706 SWAMMERDAMIO
1156 2658 1359 2706 debetur.
1429 2661 1485 2707 In
1503 2677 1683 2722 quaque
1702 2660 1825 2708 classe
1846 2662 2117 2710 insectorum
2141 2661 2247 2721 pha-

179 2719 247 2769 ses
268 2722 375 2769 vitae
395 2732 594 2768 mutatas
616 2720 828 2767 ostendit.
895 2722 966 2767 De
998 2722 1177 2782 apibuS.
1251 2725 1305 2770 Se
1338 2740 1500 2784 penem
1524 2725 1745 2787 testesque
1781 2728 1977 2774 marium
2015 2725 2165 2773 vidiffe
2204 2729 2247 2773 ὅτ.

159 2784 444 2839 ὀῆειιᾱίίέ-ἐ,
481 2787 528 2832 &
557 2787 608 2832 in
634 2786 793 2846 regina
823 2786 1048 2833 ovarium.
1117 2787 1189 2833 De
1212 2789 1368 2835 culicis
1397 2788 1582 2837 historia
1615 2792 1657 2838 &
1683 2793 1853 2838 aculeo.
1922 2793 2024 2838 Alas
2061 2790 2248 2850 papilio-

181 2850 255 2897 nis
282 2861 336 2896 ut
358 2848 493 2897 facias
519 2847 805 2897 monstrosas.
877 2851 1013 2898 Utin
1045 2866 1179 2897 eruca
1201 2853 1371 2913 papilio
1398 2855 1562 2907 lateat3
1602 2867 1654 2902 ut
1684 2855 1838 2901 eadem
1871 2856 1919 2900 in
1949 2852 2246 2912 chrysalidem

181 2912 468 2961 intumescat.
539 2916 603 2962 Ut
632 2932 711 2976 per
739 2913 844 2962 suos
872 2915 978 2961 vitae
1008 2916 1173 2977 gradus
1203 2916 1425 2971 transeat,
1466 2921 1647 2980 alasque
1685 2920 1891 2978 explicet.
1977 2918 2247 2965 Pulmonem

182 2980 353 3039 pleurae
378 2979 655 3089 cfintinuum
681 2978 790 3033 effe,
823 2996 970 3041 neque
1005 2978 1347 3028 musculosum:
1393 2983 1622 3044 quiescere·
1658 2983 1837 3043 quotics
1862 2981 2030 3028 vulnus
2055 2983 2247 3043 glottide

180 3043 320 3092 latius
348 3042 400 3089 in
435 3044 576 3091 id'tum
602 3043 679 3092 est.

1185 3110 1406 3173 Yyy3
2196 3111 2253 3158 1¹1
