2556 3442
775 129 1655 194 §.451.2M.-MA1.1·1GH1us;
1731 135 1735 171 ῑ
2142 146 2238 197 m
2309 112 2325 128 ’

187 277 293 310 cum
314 261 530 323 operibus
555 259 822 323 posthumis.
889 262 959 309 Ex
981 260 1166 321 optimis
1194 258 1392 306 audieris
1420 261 1650 319 operibus.
1717 259 1917 313 Sollicite
1939 259 2238 313 hiEdefcribig

186 326 450 387 glandulam
465 325 705 388 simplicem
722 341 900 374 veram:
936 337 1037 371 tum
1055 323 1390 384 conglobatam,
1420 324 1496 370 cui
1516 337 1667 371 tamen
1679 342 1775 374 non
1788 328 1902 376 bene
1921 329 2056 377 fibras
2073 329 2238 378 tribuit

180 386 487 444 'musculareffi
525 393 567 437 ἃ
594 392 782 437 loculos.
851 390 922 434 De
945 386 1114 433 fabrica
1143 403 1305 432 renum
1327 385 1794 441 succenturiatorum,
1830 393 1879 437 in
1907 394 2073 453 quibus
2104 404 2238 455 putat

109 484 115 497 ι
183 452 230 501 se
257 455 421 502 ductus
444 453 599 502 vidisse
621 452 941 500 excretorios.·
981 450 1224 497 Glandulae
1250 451 1499 510 pericardii.
1567 451 1802 500 Fabricam
1831 456 2140 514 glandulosam
2169 458 2238 504 vi-

185 516 361 566 scerum
389 517 656 569 confirmat,
694 531 839 575 eoque
867 514 1000 561 etiam
1026 513 1158 561 testes
1182 513 1345 568 refert,
1383 516 1426 561 &
1451 515 1766 575 pericardium.
1847 517 1958 563 Inde
1989 520 2042 565 de
2078 519 2238 568 villosa

184 584 340 631 tunica
369 579 614 637 ventriculi
636 580 686 624 in
703 577 806 632 sue,
839 578 891 624 in
907 575 1059 631 asino,
1095 579 1147 624 in
1173 579 1350 625 avibus.
1418 580 1584 639 Neque
1597 582 1781 641 ignorat
1800 582 1852 626 in
1877 582 2088 641 glandula
2112 583 2237 632 fistu-

185 645 323 694 losam
345 644 425 693 effe
449 644 726 702 lanuginem.
796 642 1050 689 Glandulas
1078 641 1217 690 habet
1239 644 1486 690 ventriculi
1517 645 1560 690 ἃ
1585 645 1696 691 recti
1719 643 1940 691 intestini.

309 728 477 788 EJusD.
518 727 658 784 Opera
679 722 898 785 posthuma
929 724 1128 772 Londini
1149 732 1282 784 1697.
1297 723 1414 773 soh*
1448 725 1616 773 Venet.
1637 732 1770 783 1698.
1787 725 1865 772 fol.
1892 728 1936 773 &
1958 737 2093 785 1743.
2122 726 2238 773 soh*

183 791 306 840 Leid.
327 794 460 845 1698.
488 788 569 846 4*
604 805 705 848 quae
743 789 883 835 editio
917 790 1153 850 aliquanto
1190 792 1433 836 correctior
1460 790 1536 844 est,
1573 789 1872 837 Londinenfis
1897 790 2027 837 valde
2059 790 2240 839 vitiosa.

182 854 402 902 Colletftio
429 849 712 899 diversorum
745 850 1070 913 opusculorum
1106 867 1145 899 1.
1178 854 1287 900 Vita
1314 856 1606 902 MALPIGHn
1643 855 1700 901 ab
1725 854 1822 915 ipso
1846 856 1915 902 Cl.
1942 857 2042 902 viro
2073 853 2238 914 scripta

170 921 446 980 pragmatica
464 950 476 969 ,
509 928 564 962 ut
590 917 893 963 inventorum
920 918 1143 978 principia
1177 919 1221 964 ἆ
1247 917 1497 978 progressus
1520 917 1769 972 recenseat,
1808 935 1930 966 nova
1959 919 2095 966 addat
2114 920 2240 966 adea

179 981 351 1028 tuenda
376 993 642 1039 argumenta
660 1015 673 1034 ,
710 983 752 1027 Sc
773 979 1085 1041 responsiones
1117 980 1173 1027 ad
1202 982 1494 1043 objeciiones.
1567 984 1758 1043 Spirales
1783 981 1921 1030 fibras
1941 983 2089 1030 cordis
2106 983 2239 1030 valde

176 1045 358 1107 juvenis
380 1044 606 1097 ostendit;
643 1045 846 1105 dialogos
874 1044 1234 1106 physiologicos,
1266 1046 1464 1106 aliasque
1489 1045 1666 1094 chartas
1692 1063 1770 1107 per
1791 1048 2056 1094 incendium
2075 1045 2238 1102 amisit,

178 1125 289 1170 quas
320 1109 442 1156 inter
479 1110 787 1169 experimenta
822 1121 951 1156 erant
982 1108 1184 1156 chemica
1218 1108 1274 1155 ad
1310 1107 1461 1156 serum
1487 1109 1722 1172 sanguinis
1757 1109 2023 1171 sped‘tantia.
2091 1110 2239 1173 Rugac

175 1174 376 1221 minores
402 1174 452 1219 in
478 1174 734 1220 ventriculo
759 1173 1037 1220 animalium.
1106 1174 1175 1220 Ad
1188 1171 1386 1234 lymphae
1414 1175 1634 1235 analyfin.
1702 1176 1899 1222 Seminia
1927 1175 2132 1222 dentium
2155 1177 2239 1224 du-

177 1239 324 1299 plicia.
394 1237 673 1284 Pulmonum
699 1236 913 1284 vesiculas
938 1240 979 1284 &
1010 1254 1169 1284 eorum
1198 1236 1331 1284 usum
1364 1252 1523 1286 contra
1547 1241 1761 1286 Eur-mm
1794 1237 2028 1292 defendit,
2079 1252 2237 1286 anato-

176 1318 282 1348 men
317 1318 476 1347 eorum
513 1299 737 1348 viscerum
777 1319 833 1348 ex
874 1303 998 1348 ranis
1034 1302 1220 1362 repetit,
1269 1300 1579 1350 musculosum
1620 1303 2233 1351 velamentumconfirmat.

176 1367 352 1413 Contra
383 1366 870 1414 SWAMMERDAmmm
903 1367 1037 1412 etiam
1069 1368 1110 1412 ἃ
1137 1367 1474 1421 Wunsmm,
1522 1370 1806 1416 BoRELLuM
1835 1371 1877 1415 &
1904 1368 1946 1430 J.
1971 1370 2164 1415 Mmum
2190 1366 2234 1415 se

174 1441 345 1477 tuetur.
417 1430 671 1477 WlLLlsu
706 1431 861 1477 icones
887 1431 1045 1477 acriter
1071 1430 1228 1491 carpit.
1314 1431 1494 1478 Venam
1523 1433 1831 1493 pulmonalem
1865 1433 1916 1479 in
1951 1448 2061 1479 rana
2093 1430 2238 1479 sodali

175 1495 336 1541 arteria
362 1494 581 1554 majorem
615 1492 712 1540 effe.
773 1492 959 1555 Xiphiae
984 1492 1116 1555 piscis
1150 1505 1385 1550 anatome,
1435 1497 1478 1542 &
1517 1497 1651 1543 lentis
1681 1496 1948 1557 crystallinae
1976 1495 2236 1544 manubria.

173 1560 410 1608 Nerveum
440 1556 624 1605 succum
657 1558 908 1620 (pinguem
928 1561 970 1605 &
991 1556 1329 1614 extrinsecum)
1366 1577 1423 1606 ex
1443 1560 1585 1607 cauda
1601 1561 1732 1607 bovis
1761 1559 1981 1613 describit,
2019 1558 2077 1607 sic
2102 1577 2237 1608 mon-

173 1621 338 1670 strosos
362 1638 554 1680 ungues.
622 1623 812 1682 Papillas
851 1635 1063 1669 cucaneas
1089 1621 1319 1670 defendit:
1367 1636 1468 1671 tum
1497 1623 1708 1671 adversus
1734 1626 2124 1673 KERKROEGJUM
2155 1623 2236 1672 he-

173 1687 290 1747 patis
320 1687 586 1749 glandulas:
623 1687 939 1735 WEPFERUM
969 1688 1150 1734 lobulos
1176 1686 1358 1741 vidisse,
1389 1705 1487 1735 non
1514 1689 1752 1750 glandulas
1768 1687 2001 1749 simplices.
2053 1689 2139 1735 Pro
2155 1691 2234 1736 lie..

173 1752 245 1799 nis
278 1751 506 1812 glandulis
539 1762 699 1797 contra
736 1752 1054 1798 HARDERUM.
1146 1750 1417 1799 Morbosum
1450 1770 1606 1799 renem
1638 1752 1878 1800 describit:
1927 1751 1983 1800 sic
2015 1753 2145 1810 lienis
2175 1770 2234 1801 ex

170 1814 360 1862 homine
384 1814 654 1876 glandulas,
692 1813 854 1861 offium
882 1813 1099 1862 fabricam
1135 1815 1210 1862 hic
1246 1818 1450 1877 exponit,
1480 1817 1733 1874 fiktmenta,
1771 1819 1813 1864 &
1839 1818 2054 1868 laminas,
2097 1819 2234 1866 clavi..

171 1881 299 1928 culos
326 1880 624 1927 GAGLIARDI
655 1880 832 1940 rejicit,
870 1877 974 1926 vasa
1001 1882 1182 1926 interna
1212 1880 1355 1934 vidit,
1390 1880 1573 1928 succum
1603 1881 1770 1928 osseum
1794 1899 1849 1927 ex
1868 1885 2013 1941 capite
2043 1880 2233 1941 petrefas-

167 1946 241 1992 &o
254 1942 462 1991 illustrat.
530 1944 666 1991 Tunc
681 1944 838 1991 dentes
856 1962 870 1996 3
907 1960 1105 2004 quorum
1120 1944 1313 1991 crustam
1324 1947 1481 1993 vitreae
1496 1944 1683 1993 similem
1698 1944 1924 1998 describit,
1939 1947 2125 2006 ejusque
2138 1945 2236 1993 fila-

168 2020 353 2062 menta,
389 2005 678 2061 folliculum,
720 2006 838 2055 vasa.
909 2010 980 2054 De
1009 2009 1311 2069 bombycibus
1341 2008 1731 2071 supplementum,
1769 2027 1855 2056 ova
1894 2008 2116 2056 feminina
2141 2027 2235 2057 ma..

110 2114 113 2117 ,
168 2071 292 2119 sculo
322 2070 490 2118 semine
519 2069 725 2132 adsperso
757 2070 1007 2119 fecundari.
1076 2073 1386 2121 Trachearum
1419 2076 1683 2121 arteriarum
1707 2074 1897 2127 fabrica,
1928 2086 2028 2121 tum
2044 2071 2231 2130 viscera,

171 2137 214 2182 &
239 2134 452 2183 adversus
466 2137 952 2185 SWAMMERDAMIUM
978 2137 1201 2198 apologia.
1255 2138 1326 2186 Ad
1346 2137 1582 2187 seminales
1599 2138 1827 2191 vesiculas,
1860 2139 2112 2192 cerebrum,
2139 2145 2237 2188 cor.'

169 2201 347 2260 Aquilae
364 2198 549 2247 incisio:
574 2201 692 2247 inea
707 2201 972 2249 membrana
997 2202 1386 2262 pupillariadfinis
1409 2221 1420 2248 ε
1456 2201 1689 2265 oesophagi
1714 2203 1940 2263 glandulae
1966 2219 2120 2249 caecae:
2154 2219 2233 2262 ap-

171 2263 383 2324 pendices
414 2260 618 2322 piscium.
686 2265 860 2311 Iterum
887 2266 942 2312 de
969 2264 1158 2313 sinubus
1183 2268 1303 2314 uteri
1318 2266 1528 2314 mucosis.
1610 2267 1808 2326 Embryo
1835 2267 2091 2319 humanus,
2140 2270 2234 2327 pla..

169 2339 300 2375 centa
323 2324 544 2375 vesicaria·
616 2328 778 2375 Ovum
801 2328 1126 2376 monstrosum.
1197 2332 1440 2392 Sanguinis
1467 2344 1623 2379 motus
1644 2329 1818 2378 invasis
1842 2331 2044 2393 minimis
2070 2332 2233 2378 micro-

165 2390 308 2453 scopii
349 2391 521 2438 auxilio
557 2389 835 2451 descriptus,
884 2391 1128 2446 oscillatio,
1179 2394 1490 2456 retrogreffio,
1535 2408 1767 2449 accurate,
1799 2412 1918 2449 vere,
1957 2397 1998 2442 &
2034 2395 2226 2443 minute.

166 2456 254 2504 Pili
283 2454 451 2503 fabrica
470 2488 483 2508 ,
520 2454 686 2502 bulbus
703 2489 716 2509 ,
754 2457 833 2515 pili
858 2457 1007 2503 alieno
1024 2459 1126 2504 loco
1154 2461 1278 2510 orti3
1327 2476 1487 2519 pennae
1506 2460 1743 2513 struetma,
1782 2461 1824 2506 &
1849 2461 2033 2519 unguis.
2106 2459 2229 2505 Con-

167 2532 236 2567 tra
253 2521 301 2567 N
307 2533 455 2568 UCK11
477 2518 693 2566 fabricam
720 2519 1036 2580 glandularum
1053 2522 1443 2582 conglobatarum.
1502 2526 1572 2571 De
1590 2523 1820 2577 dudlubus
1843 2522 1933 2570 suis
1958 2522 2226 2585 pinguiferis

165 2583 260 2646 ipse
285 2601 411 2632 nunc
436 2583 616 2631 dubitat
638 2585 986 2632 MALPIGHIUS.
1053 2586 1208 2632 Fibras
1238 2587 1369 2633 lienis
1393 2586 1531 2635 habet
1557 2605 1639 2649 pro
1666 2586 1944 2635 musculofis.

291 2667 405 2714 Inde
430 2664 686 2727 sequuntur
714 2666 858 2712 libem
887 2651 1439 2727 anqui'MAmemm.
1526 2671 1698 2718 Placidi
1723 2672 2081 2725 pannorum,
2116 2667 2222 2716 ficto

167 2731 354 2779 nomine
364 2730 543 2791 scripta,
559 2730 755 2790 adversita
766 2729 1034 2793 oppofitiones
1047 2734 1223 2794 'regestas
1234 2738 1278 2780 in
1294 2737 1475 2794 (Marci
1485 2736 1607 2782 L1PA
1614 2737 1690 2790 RI)
1705 2734 1921 2799 triumpho
1925 2736 2224 2798 gelenistarunt

167 2794 365 2857 responsio
386 2796 534 2842 italice
563 2798 603 2842 Sc
631 2796 795 2842 latine:
827 2792 924 2842 fusa
950 2798 1174 2858 apologia,
1209 2799 1252 2845 δι
1276 2799 1412 2860 longe
1439 2798 1599 2846 diversi
1612 2800 1713 2862 styli
1728 2801 1783 2847 ab
1803 2802 1857 2847 iis
1888 2797 2085 2845 nervofis
2111 2815 2225 2857 opu-

165 2857 326 2913 sculis,
356 2876 460 2920 quae
483 2859 702 2907 haclenus
731 2859 943 2907 diximus.
1011 2861 1100 2908 Pro
1133 2878 1414 2922 nuperorum
1445 2866 1673 2919 inventis,
1720 2881 1801 2926 pro
1841 2875 2048 2910 anatome
2081 2860 2222 2908 subti-

164 2923 296 2976 liori,
331 2940 415 2982 pro
443 2923 846 2987 microscopiorum
869 2923 971 2975 usu.
1036 2924 1333 2989 Physiologiae
1362 2945 1547 2991 nuperae
1576 2931 1739 2991 aliquae
1764 2940 1923 2990 partes.
1993 2923 2222 2973 Adversus

166 2987 471 3037 aucloritateS.

1175 3057 1277 3119 Q‚q
1307 3074 1337 3119 q
2019 3050 2224 3117 Respon-
