2556 3442
307 145 402 206 762
766 141 896 189 LIB.
947 141 1068 201 VII.
1137 135 1531 189 ANATOME··
1565 137 1916 187 HUMANA;

435 265 544 316 Diff.
580 266 632 314 de
651 272 872 316 curatione
875 268 1080 330 febrium,
1101 286 1189 332 quae
1196 282 1278 332 per
1289 271 1611 315 evacuationem
1623 268 1862 328 instituitur
1882 263 2136 328 Edinburg.
2159 274 2293 328 1695.
2313 273 2364 330 4,'

305 332 349 380 Bc
375 333 424 378 111
459 333 741 380 collectione.
810 335 983 381 Iterum
1021 347 1180 381 contra
1221 332 1456 379 fermenta.
1525 332 1596 377 De
1643 329 2003 391 perspiratione:
2056 330 2248 393 decuplo
2283 333 2365 381 effe

304 398 523 457 majorem
550 395 786 444 functione
815 400 1022 446 vent‘rali.
1089 399 1217 445 Intra
1248 398 1478 443 minutum
1507 394 1633 441 horae
1669 395 1869 455 primum
1894 392 2137 456 perspirare
2172 398 2368 457 pervil-

303 461 400 507 lum
428 461 568 508 unius
596 459 797 523 scrupuli
820 475 1008 524 partem.
1024 465 1151 524 grani
1176 458 1503 522 sexagesimam.

435 544 598 592 Salutio
613 544 887 605 problematis
911 544 962 590 de
988 543 1274 590 inventoribus
1308 541 1430 589 Leid.
1454 547 1588 596 1693.
1622 542 1665 586 &
1690 540 1813 600 prius
1842 539 2098 601 Edinburgi
2133 547 2273 595 1688.
2312 553 2369 590 ut

304 608 420 669 legO.
481 609 767 669 HARVRJUM
792 609 983 654 omnino
1008 624 1168 653 verum
1197 605 1278 652 effe
1309 607 1524 652 circuitus
1548 604 1780 665 sanguinis
1805 606 2118 658 inventorem,
2164 606 2244 665 qui
2278 607 2369 666 pri-

306 689 409 719 mus
438 672 535 729 ejus
563 673 778 720 circuitus
808 670 1240 718 demonstrationem
1272 670 1458 714 dederit.

435 757 505 801 De
539 767 690 815 opera,
727 770 854 814 quam
876 753 1076 813 praestant
1104 762 1288 810 corpora
1322 749 1449 795 acida
1473 748 1545 794 vel
1572 748 1749 795 alt-alica
1788 754 1831 796 in
1858 754 2080 797 curatione
2105 749 2367 799 morborum.
2414 778 2423 780 ⁴

310 817 428 865 Non
451 818 548 864 dari
570 820 620 865 in
644 817 861 877 sanguine
891 816 1169 861 fermentum
1185 847 1198 866 ,
1226 829 1374 873 neque
1390 813 1578 858 ‘acidum
1596 845 1608 865 ‚
1646 828 1792 872 neque
1816 815 1959 860 alcali.

402 935 407 939 .
436 900 608 945 Eorum
631 899 792 950 etiam,
827 897 906 956 qui
935 894 1188 956 sequuntur
1216 894 1383 947 libelli,
1416 894 1586 954 primos
1619 909 1764 939 annos
1801 894 1991 954 ignoro,
2035 893 2221 944 Theoria
2256 914 2371 944 mor.

308 962 459 1010 borum
486 965 607 1009 oculi.
679 963 843 1020 Aliqua
865 960 921 1005 ad
950 958 1184 1005 Vilionem.
1253 960 1367 1007 Non
1403 957 1519 1018 poffe
1548 973 1632 1003 nos
1657 957 1811 1003 videre
1843 957 2133 1017 corpuscula,
2171 978 2272 1022 quae
2303 977 2372 1008 re.

309 1027 419 1074 tinae
451 1027 588 1072 nimis
616 1026 768 1072 vicina
800 1022 912 1077 lint,
950 1036 1004 1070 ut
1026 1022 1132 1069 sunt
1156 1023 1270 1068 vitia
1293 1021 1499 1068 humoris
1526 1021 1673 1080 aquei.

443 1107 763 1166 Observationes
787 1105 978 1167 quasdam
1010 1105 1062 1151 de
1074 1106 1205 1168 fluxu
1229 1106 1446 1166 menstruo.
1516 1105 1725 1155 Arterias
1743 1101 2016 1151 feminarum
2038 1102 2374 1167 hypogastricas

309 1173 549 1234 ampliores
578 1169 687 1224 effe,
722 1186 857 1231 quam
888 1168 976 1216 fint
999 1172 1051 1216 in
1076 1170 1185 1215 viris
1203 1203 1215 1222 ,
1255 1171 1298 1215 &
1326 1170 1476 1215 minus
1507 1166 1718 1214 resistere.

436 1254 620 1300 Romu
650 1252 881 1314 epistolam
906 1252 1015 1299 alias
1049 1251 1264 1298 dicemus.

437 1336 493 1382 In
520 1333 629 1382 Diss.
666 1334 717 1380 de
751 1333 901 1397 legibus
930 1332 1101 1395 historice
1128 1333 1370 1386 naturalis,
1416 1335 1575 1379 audior
1617 1334 1667 1378 in
1700 1332 1757 1379 G.
1788 1332 2074 1381 COKBURNE
2106 1331 2371 1389 invehitur,

307 1402 519 1448 BELLINI
557 1397 905 1460 exscriptorem,
938 1396 1177 1458 suumque.
1246 1399 1412 1457 Aliqua
1447 1397 1574 1444 addit
1606 1397 1660 1443 de
1696 1400 2091 1457 temperamentis,
2138 1414 2239 1460 quae
2271 1400 2376 1447 vult

310 1465 443 1524 unice
465 1481 489 1510 a
510 1462 742 1525 sanguinis
765 1464 1019 1524 quantitate
1048 1463 1171 1508 oriri.

443 1545 611 1595 Addita
637 1545 698 1592 est
722 1544 819 1592 haec
839 1542 947 1591 Diff.
974 1544 1029 1591 iis
1047 1578 1059 1598 ,
1078 1548 1191 1604 'quae
1213 1544 1263 1590 in
1288 1541 1633 1604 Edimburgensi
1661 1543 1929 1590 collectione
1962 1542 2163 1599 exstant,
2199 1543 2250 1592 in
2283 1544 2376 1592 edi-

310 1611 439 1659 tione
467 1608 792 1671 opusculorum
820 1608 1101 1655 medicorum
1134 1609 1273 1677 tertia⁸
1300 1608 1550 1655 Roterdam
1576 1621 1711 1667 1714.
1733 1608 1814 1667 4.*

438 1693 611 1754 EJUSD.
643 1693 856 1740 Elementa
885 1691 1098 1739 medicinae
1119 1688 1626 1752 plwfico-mathematica
1673 1689 1870 1738 Londin.
1896 1701 2030 1749 1717.
2054 1688 2155 1745 8.*:
2190 1688 2222 1738 s.
2251 1689 2378 1739 theo..

308 1758 377 1806 ria
395 1792 408 1812 ,
440 1773 542 1818 quae
569 1756 896 1818 physiologiam
927 1756 1156 1807 continet,
1192 1753 1412 1801 methodo
1429 1753 1746 1800 mathematica
1774 1752 2000 1814 scriptam,
2030 1771 2108 1815 per
2126 1755 2376 1816 postulata,

312 1821 604 1870 definitiones
636 1819 784 1882 (saepe
812 1837 909 1866 non
931 1820 1103 1872 bonas,
1143 1835 1292 1878 neque
1322 1820 1445 1864 enim
1472 1817 1713 1864 humidum
1738 1818 1930 1865 radicale
1963 1832 2171 1865 veterum
2195 1818 2378 1881 sanguis

313 1887 375 1933 est
404 1884 693 1943 circulans),
731 1887 773 1932 &
799 1882 1145 1945 propositiones.
1216 1881 1502 1944 Phyliologia
1539 1882 1773 1942 perbrevis
1808 1882 1883 1928 est.
1954 1883 2164 1930 Calorem
2196 1881 2381 1945 sangui-

314 1953 385 1998 nis
413 1950 493 1997 effe
527 1950 841 2011 rcc‘tangulum
872 1965 926 1994 ex
953 1948 1189 1994 vicinitate
1225 1947 1373 1993 cordis
1403 1949 1453 1992 111
1487 1947 1778 1994 velocitatem
1820 1947 2036 2001 duCtum,
2085 1964 2191 1994 cum
2223 1959 2378 1995 tamen

314 2015 432 2062 inter
460 2013 610 2062 causas
638 2014 800 2060 caloris
827 2013 1015 2059 indubie
1041 2012 1177 2058 etiam
1199 2012 1294 2057 aliae
1323 2009 1432 2064 sint,
1472 2028 1572 2071 quae
1598 2012 1647 2056 111
1675 2011 1772 2071 ejus
1791 2009 1998 2058 humoris
2017 2012 2189 2064 indole,
2222 2014 2375 2072 potius

315 2095 450 2140 quam
478 2079 526 2124 111
555 2078 798 2126 velocitate
824 2079 980 2124 latent.
1048 2077 1107 2122 Et
1129 2076 1180 2121 in
1203 2073 1469 2121 universum
1508 2091 1564 2120 ex
1593 2087 1928 2135 geometrarum
1950 2073 2281 2121 consuetudine
2307 2076 2379 2122 vir

316 2144 388 2190 Cl.
418 2144 610 2189 nimium
643 2140 861 2202 {implices
890 2139 996 2187 fecit
1025 2156 1176 2186 rerum
1204 2140 1417 2187 notiones
1436 2173 1448 2192 ,
1485 2136 1594 2184 hinc
1629 2139 1942 2198 incompletas.
2011 2140 2177 2198 Aliqua
2208 2140 2380 2200 experi-

315 2219 469 2253 menta
500 2207 838 2259 mutationum,
875 2221 975 2265 qua:
1007 2204 1055 2250 in
1080 2202 1299 2264 sanguine
1325 2214 1405 2249 aut
1434 2200 1649 2248 arterioso
1669 2236 1680 2254 ,
1717 2214 1796 2248 aut
1820 2200 2008 2256 venoso,
2038 2201 2287 2250 nascuntur
2325 2220 2383 2251 cx

315 2271 453 2317 variis
488 2268 628 2317 succis
660 2268 853 2324 adfusis,
881 2268 940 2316 fic
970 2269 1020 2314 in
1048 2266 1161 2314 sero.
1254 2265 1581 2327 Respirationis
1612 2263 1823 2312 effectum
1862 2264 1942 2312 effe
1967 2267 2381 2316 comminutionem

315 2332 563 2395 sanguinis.
633 2336 807 2381 Contra
845 2331 1025 2394 pulsum
1055 2334 1244 2378 celerem
1283 2333 1323 2377 δι
1352 2331 1559 2384 tardum,
1605 2347 1720 2391 quos
1752 2332 1868 2377 male
1893 2342 2051 2392 negat,
2107 2328 2221 2391 saepe
2251 2347 2276 2377 a
2307 2347 2380 2378 me

316 2397 437 2446 visos
468 2398 518 2444 111
554 2398 834 2445 moribundo
861 2398 1068 2444 animale.
1152 2396 1527 2456 Experimenturu
1561 2396 1770 2442 BELLINI
1804 2395 1854 2441 in
1888 2412 2030 2441 nervo
2065 2392 2282 2455 phrenico
2319 2394 2384 2443 fa-

317 2465 467 2515 ἑὶ11111,
509 2464 552 2508 &
579 2461 725 2522 ipsum
750 2463 886 2509 nimis
913 2474 1138 2508 ornatum.
1211 2458 1480 2521 Superficies
1510 2457 1672 2506 offium
1706 2458 1787 2506 effe
1822 2460 2132 2506 concentricas
2156 2459 2384 2506 membra·
2425 2485 2429 2487 -

316 2543 399 2573 nas
424 2525 506 2572 sibi
527 2525 785 2586 impolitas,
818 2525 906 2572 hoc
934 2537 1037 2572 ante
1062 2526 1361 2572 Hammon.
1432 2526 1604 2570 Iterum
1634 2521 1899 2585 corpuscula
1922 2526 1973 2570 in
2000 2522 2193 2570 humore
2235 2539 2383 2585 aquee

320 2590 529 2638 natantia
554 2591 734 2636 nullum
758 2588 936 2636 sensum
964 2590 1216 2651 imaginum
1241 2589 1405 2635 animae
1429 2589 1703 2650 imprimere.

449 2673 561 2719 Haec
587 2672 810 2718 elementa
825 2674 1011 2732 repetita
1026 2668 1133 2717 sunt
1162 2670 1310 2718 Leidae
1336 2684 1470 2730 1717.
1492 2683 1536 2730 4.
1572 2670 1760 2732 Anglice
1782 2669 1929 2718 Lond.
1958 2677 2091 2730 1718.
2112 2671 2381 2725 81ΜΑ113Η.

428 2756 608 2828 ‘Opera
633 2753 788 2800 omnia
813 2753 1092 2801 PITCARNH
1123 2753 1275 2800 Leidae
1304 2765 1436 2812 1737.
1460 2765 1508 2812 4.
1551 2753 1718 2800 Venet.
1740 2766 1876 2814 1740.
1903 2765 1948 2813 4.
2016 2754 2168 2801 Multa
2206 2750 2384 2812 poetica

319 2817 522 2867 admsta'
1047 2880 1092 2938 §-
1129 2882 1412 2931 Dcch.
1523 2885 1659 2931 Varii.

431 2961 649 3028 *Salomon
675 2998 764 3028 vam
790 2980 1032 3029 RUSTING
1057 2983 1219 3027 nieuwe
1250 2980 1567 3040 Veldmedicyne
1588 2996 1639 3026 en
1673 2975 1896 3041 Chirurgie
1931 2977 2150 3026 Amsterd.
2173 2985 2306 3037 1693.
2335 2985 2380 3035 8.

322 3045 371 3092 B..
393 3044 596 3093 Boanm.
2304 3077 2379 3139 ΕΙ·
