2556 3442
573 174 609 225 s.
647 179 752 227 292.
791 180 896 225 293.
963 159 1325 214 HA131cor.
1395 165 1805 220 scneNKEL·
2130 163 2239 229 317⁴
2280 140 2282 142 ’

638 310 701 359 5.
738 302 1055 352 CCXCIII.
1155 298 1400 347 Lambertm
1431 273 1720 350 *SCHENKEL

313 400 673 463 Gazophylacium
703 404 812 446 artis
831 401 1035 444 memorie
1058 395 1267 442 colleffum
1284 394 1426 454 studio
1457 396 1677 442 Lamberti
1705 399 2015 448 SCHENKELH
2049 403 2219 463 Argen-

180 466 319 510 torati
358 472 484 510 1610.
511 471 574 518 80.
582 463 610 491 *
646 464 827 508 DQETR
864 458 1069 506 recusum
1100 457 1216 517 Lips.
1239 465 1372 515 1678-
1398 462 1457 512 8⁶·
1527 461 1698 506 Gallice
1732 460 1909 507 versum
1944 480 2047 509 cum
2080 467 2217 512 titulo

186 528 224 572 le
248 531 459 587 hsagazin
484 527 556 571 de,
580 530 761 572 Sciences
790 541 843 569 ou
872 523 910 568 le
934 527 1035 568 viai
1073 534 1146 568 art
1169 521 1219 566 cle
1251 526 1446 568 memoize
1472 522 1540 568 de'
1537 535 1697 569 auvert
1720 536 1807 583 pur
1834 526 2183 574 SCHENKELIUS
2202 561 2215 581 .

186 590 359 636 maduit
378 604 466 649 pm
495 592 592 633 Aa.
597 594 661 632 ien
686 589 728 632 le
750 587 954 632 611111οΤ
989 586 1110 631 Paris
1139 591 1274 640 1623
1305 589 1392 632 12⁰.
1429 586 1487 630 D’
1492 587 1614 633 ETR.
1685 587 1850 640 Similis
1881 587 2002 634 tituli
2033 589 2222 648 opuscu-

183 654 277 697 lum
300 653 440 698 exstat
459 655 580 696 Petri
599 650 865 710 JUVERNAY
901 649 1023 694 Paris
1045 655 1175 706 1643
1198 655 1264 701 8⁰.
1298 649 1356 694 D‘
1362 650 1488 694 ETR.

303 748 442 792 Hunc
465 744 674 791 hbellum
689 760 782 790 non
811 744 1006 804 contigit
1019 742 1186 790 vidisse.
1257 745 1340 791 Sed
1354 744 1568 806 Lugduni
1590 761 1711 792 anno
1729 751 1862 800 1618.
1892 747 2081 802 &1619
2102 748 2226 794 12⁶2*t

185 809 352 871 prodiit
381 809 581 860 colleffio,
614 824 716 867 quae
744 824 840 853 non
873 809 1016 872 potest
1048 808 1103 853 ab
1132 824 1264 868 opere
1291 811 1601 856 SCHENKELH
1631 810 1796 856 divelli.
1878 813 2048 857 Auctor
2074 809 2117 856 se
2146 827 2226 857 νοι-

186 873 325 934 catJ.
345 872 504 918 PAEPP
545 871 822 924 Galbaicum,
868 887 1039 917 nomen
1070 883 1222 917 autem
1260 872 1309 917 in
1343 870 1438 931 ipso
1481 888 1613 947 opere
1653 871 1807 933 paffim
1843 874 2007 934 legitur
2038 875 2224 920 PAPEN.

185 937 358 983 Primus
387 934 566 981 libellus
603 935 664 981 est
701 951 753 977 ει
746 951 913 992 αγωγη
951 932 982 980 i.
1020 935 1280 981 introdufflo
1301 936 1456 995 facilis
1496 940 1540 982 in
1570 941 1735 997 praxin
1764 936 1993 1000 artificiosae
2021 942 2228 984 memorie

190 1004 323 1052 1618.
393 999 518 1044 Citat
555 999 861 1058 experimenta
893 996 1240 1070 discipulorum,
1281 999 1360 1058 qui
1387 1001 1584 1058 integras
1603 1002 1843 1047 conciones
1871 1002 2146 1060 repetierint,
2185 1002 2228 1046 &

181 1063 373 1123 triginta
403 1078 536 1109 voces
568 1060 647 1107 sibi
669 1064 910 1122 Ρ11ε136113,
937 1078 1042 1107 cum
1060 1062 1259 1107 numeris
1277 1077 1328 1107 01
1331 1061 1482 1107 dinem
1503 1064 1870 1122 exprimentibus.
1941 1064 2130 1110 Utitur
2120 1078 2229 1108 ima-

186 1125 370 1187 ginibus
404 1142 484 1185 pro
509 1124 687 1185 syllabis
720 1127 761 1172 &
784 1126 974 1172 vocibus
1002 1123 1263 1184 suppositis,
1300 1137 1354 1171 ut
1375 1125 1477 1170 ala-
1497 1124 1638 1178 band,
1677 1129 1719 1173 &
1740 1126 1840 1185 enfis
1871 1125 2229 1172 Alabandensem

186 1190 421 1235 denotent.
489 1189 601 1234 Inde
627 1190 771 1235 literas
790 1202 1080 1235 convertitur
1095 1187 1327 1241 homines,
1371 1200 1423 1234 ut
1441 1160 1660 1236 Eusebius
1686 1202 1790 1236 ante
1814 1187 2039 1236 Thomam
2067 1206 2229 1236 vocem

190 1255 233 1300 u&
258 1253 491 1324 exprimat.
560 1253 729 1298 Iterum
762 1253 909 1299 literas
938 1253 988 1297 in
1016 1252 1198 1298 ordines
1225 1252 1483 1305 distribuit,
1514 1264 1576 1297 ut
1593 1255 1792 1313 quinque
1823 1253 1992 1313 priores
2029 1251 2230 1299 homini-

187 1317 272 1363 bus
295 1350 307 1368 ,
347 1316 548 1375 quinque
576 1316 683 1362 alias
710 1314 876 1376 infigni
907 1316 1083 1375 aliquo,
1124 1316 1277 1361 tertias
1304 1314 1632 1367 instrument0‚
1669 1328 1875 1375 quartam
1903 1313 2075 1363 classem
2093 1318 2230 1363 actio-

189 1396 250 1436 ne
271 1381 419 1439 aliqua
445 1381 680 1438 exprimat.
749 1380 943 1439 Reliqua
973 1378 1080 1425 sunt
1104 1395 1159 1424 ex
1181 1380 1520 1426 RAVENNATE.
1591 1379 1790 1426 Postulat
1806 1396 1887 1439 pro
1911 1380 2231 1427 concionatore

191 1455 387 1503 quatuor
415 1443 647 1495 cubicula,
696 1443 743 1488 in
776 1442 954 1502 singulo
996 1445 1121 1488 locos
1159 1442 1340 1488 centum
1361 1477 1372 1496 ,
1410 1454 1463 1489 ut
1499 1442 1720 1503 imagines
1747 1441 1846 1490 suas
1876 1443 2069 1491 ordinet.
2137 1445 2230 1491 Eos

189 1508 314 1553 locos
348 1505 524 1552 eradere
551 1506 711 1566 jubet,
750 1518 803 1552 ut
824 1507 922 1553 aliis
955 1505 1231 1566 imaginibus
1255 1507 1432 1566 cedant.

313 1603 490 1663 EJUSD.
533 1601 768 1666 artificiosae
803 1605 1008 1649 memoriae
1031 1601 1322 1664 fundanenta
1358 1602 1519 1649 clarius
1559 1619 1687 1663 quam
1723 1619 1911 1663 unquam
1951 1603 2232 1665 demonstrata

190 1667 323 1727 Lyon
340 1669 625 1721 161916‘2*
691 1668 843 1713 Mutat
862 1665 984 1726 signa
1005 1667 1052 1712 in
1078 1682 1259 1726 magnas
1283 1666 1527 1726 imagines,
1559 1666 1640 1713 suo
1665 1667 1822 1712 ordine
1849 1668 2101 1720 collocatas,
2131 1684 2233 1728 quae

190 1728 419 1791 lignorum
447 1731 671 1775 connexio
701 1742 799 1776 tota
825 1730 1057 1780 arbitraria
1081 1729 1194 1775 mihi
1224 1745 1321 1775 non
1346 1730 1529 1776 videtur
1564 1729 1733 1790 absque
1764 1731 1960 1776 maximo
1984 1731 2136 1776 labore
2154 1731 2235 1777 ob·

193 1794 328 1839 tineri
360 1791 492 1854 posse.
560 1793 736 1840 Laudat
770 1796 926 1840 auCtor
967 1794 1245 1852 GORAJUM‚
1283 1794 1364 1852 qui
1390 1805 1574 1840 centum
1611 1793 1832 1840 voeabula
1874 1795 1992 1839 intra
2028 1805 2235 1853 quartam

190 1856 313 1903 horae
340 1870 507 1918 partem
533 1857 754 1910 retineat,
786 1857 985 1916 novique
1012 1856 1266 1902 testamenti
1285 1869 1434 1903 totum
1459 1867 1594 1917 caput
1633 1858 1753 1903 intra
1779 1854 1937 1903 horam
1965 1855 2117 1910 discat,
2153 1859 2235 1918 qui

194 1921 347 1981 plures
378 1936 515 1999 quam
544 1936 744 1981 quatuor
781 1920 986 1980 epistolas
1022 1921 1160 1966 dictet
1182 1922 1264 1966 &a

322 2016 489 2076 Incipit
520 2033 545 2063 a
572 2029 756 2063 eentum
785 2019 826 2063 &
856 2018 975 2064 ultra
1009 2017 1143 2062 rebus
1174 2015 1469 2063 familiaribus
1491 2051 1504 2069 ,
1540 2033 1649 2076 quas
1676 2032 1753 2076 per
1778 2019 1970 2078 angulos
2005 2019 2237 2066 cubiculo-l

172 2077 298 2126 'rum
326 2079 552 2140 disponit:
597 2079 668 2127 his
698 2081 804 2126 alias
822 2097 915 2133 res,
952 2080 1192 2126 retinendo
1222 2079 1485 2132 destinatas,
1522 2081 1726 2140 adponit,
1764 2094 1817 2127 ut
1835 2082 2042 2126 ordinem
2059 2080 2238 2129 servent

199 2146 242 2189 &
267 2159 506 2189 numerum
528 2162 540 2189 ε
581 2144 644 2190 ita
680 2145 878 2190 cultrum
909 2160 1012 2190 cum
1040 2144 1082 2204 J.
1109 2144 1317 2190 CAESARE
1342 2143 1611 2204 conjungit,
1647 2160 1750 2190 cum
1771 2144 1928 2190 Tiberi
1954 2145 2236 2193 TIBERHJM.

201 2206 468 2266 Exemplum
498 2206 576 2253 dat
600 2219 784 2254 centum
808 2207 1032 2258 idearum,
1070 2223 1147 2267 per
1173 2207 1377 2266 quinque
1415 2206 1622 2252 cubicula
1663 2205 1992 2267 dispolitarum.
2059 2208 2238 2255 Deinde

203 2267 386 2316 consilia
421 2268 502 2315 fibi
531 2271 672 2330 magis
698 2271 878 2330 propria
906 2272 1058 2330 aperit.
1143 2268 1458 2329 Alphabetum
1478 2269 1714 2316 constituit
1757 2273 1999 2316 nominum
2034 2273 2241 2332 proprio-

200 2349 327 2386 rum,
367 2332 532 2392 quibus
558 2334 736 2378 numeri
765 2334 968 2379 idearum
1000 2333 1153 2394 augeri
1190 2330 1404 2404 possunt·
1453 2332 1560 2379 dum
1594 2332 1779 2380 cuilibet
1814 2331 2084 2388 hominum,
2132 2351 2240 2381 nam

200 2394 308 2442 sunt
327 2394 567 2447 homines,
602 2412 680 2455 per
711 2412 871 2442 manus
899 2396 1121 2456 pedesque
1150 2396 1352 2455 quinque
1370 2407 1450 2442 aut
1474 2412 1642 2441 novem
1669 2396 1779 2442 ideae
1803 2396 2121 2443 adnectuntur.
2171 2400 2240 2445 Ex

170 2459 272 2506 ‘his
303 2457 568 2504 hominibus
598 2458 820 2504 vocabula
841 2459 1090 2518 conponit,
1131 2457 1384 2505 Anchoram
1409 2475 1464 2504 ex
1492 2458 1699 2512 Andrea,
1733 2459 1964 2513 Conrado,
1997 2460 2239 2520 Raphaele.

200 2522 420 2583 Adjuvari
445 2533 576 2581 putat
599 2522 877 2574 memoriam,
905 2520 936 2567 fi
964 2521 1036 2567 his
1061 2520 1324 2567 hominibus
1342 2522 1501 2580 aliquae
1521 2522 1718 2568 actiones
1740 2522 2022 2576 tribuantur,
2057 2535 2109 2570 ut
2129 2522 2240 2570 cres-

202 2597 323 2638 cant,
358 2585 656 2637 minuantur,
690 2599 813 2631 artus
841 2585 1077 2638 amittant,
1112 2585 1366 2644 adquirant.
1449 2585 1592 2630 Itaex
1618 2601 1714 2631 uno
1728 2585 1943 2634 CATONF.
1966 2587 2092 2632 varia
2110 2601 2240 2646 agen-

201 2661 274 2705 te,
313 2661 510 2709 quatuor
526 2646 654 2694 fiunt
680 2647 806 2694 ideae.
875 2647 1101 2695 Ordinem
1114 2647 1315 2694 idearum
1345 2646 1523 2693 obtinet
1546 2664 1624 2708 per
1648 2650 1841 2710 angulos
1872 2649 2085 2702 cubiculi,
2111 2651 2151 2694 &
2176 2646 2240 2692 se..

205 2714 406 2759 cundum
441 2712 580 2758 lineas
614 2711 899 2771 diagonales,
945 2711 1001 2757 ad
1036 2711 1336 2758 imitationem
1375 2710 1514 2757 literae
1554 2712 1624 2757 Μ.
1665 2723 1746 2759 aut
1789 2712 1972 2759 alterius
1999 2709 2238 2771 dispolitas.

205 2775 546 2822 Declinationes
573 2777 615 2821 &
639 2773 762 2821 casus
787 2775 1000 2834 exprimit
1023 2773 1208 2820 homine
1233 2773 1386 2826 nud0‚
1422 2785 1501 2820 aut
1524 2774 1711 2828 vestim,
1747 2778 1789 2822 δε
1828 2775 2031 2835 quolibet
2059 2771 2157 2819 casu
2190 2774 2240 2817 in

209 2836 341 2944 suung
367 2849 515 2885 artum
539 2836 758 2898 suamque
785 2839 986 2898 corporis
1010 2836 1158 2885 sedem
1181 2835 1416 2897 inscripto.
1483 2837 1608 2884 Finis
1630 2840 1778 2899 operis
1804 2841 1968 2885 iterum
1989 2835 2077 2882 est
2066 2851 2114 2880 1n
2131 2836 2241 2880 ima-

211 2914 308 2958 gim
343 2916 410 2946 us.

338 2982 444 3034 Jani
466 2981 761 3032 Pnosrnom
808 2984 1009 3042 (iterum
1042 2996 1097 3032 ut
1130 2995 1255 3095 put}
1273 2987 1322 3038 J.
1349 2983 1536 3046 Paeppii)
1581 2985 1890 3032 Sensum-:Lu
1935 2976 2240 3087 deteffiteatztio

1275 3063 1298 3094 1·
1332 3059 1356 3105 3
2105 3056 2151 3085 er
2173 3055 2215 3084 m
